@ARTICLE{complexOM,
   author = {Laura Anderson and Emanuele Delucchi},
   title = {Foundations for a theory of complex matroids},
   journal = {Discrete and Computational Geometry},
   volume = {48},
   pages = {807--846},
   year = {2012},
   archivePrefix = {arXiv},
   eprint = {1005.3560v2},
   primaryClass = "math"
}


@BOOK{intuitAna,
  AUTHOR = {Marc Thompson},
  TITLE = {Intuitive Analog Circuit Design},
  PUBLISHER = {Newnes/Elsevier},
  YEAR = {2014},
  edition = {2nd}
}

@BOOK{BachemKern,
AUTHOR = "A. Bachem and W. Kern",
TITLE = "Linear Programming Duality, An Introduction to Oriented Matroids",
PUBLISHER = "Springer-Verlag",
YEAR = "1992"}


@Book{OMBOOK,
  author = 	 {A. Bj\"{o}rner and M. Las Vergnas 
                 and B. Sturmfels and N. White and G. Ziegler},
  ALTeditor = 	 {},
  title = 	 {Oriented Matroids},
  publisher = 	 {Cambridge Univ. Press},
  year = 	 {1999},
  OPTkey = 	 {},
  volume = 	 {46},
  OPTnumber = 	 {},
  series = 	 {Encyc. Math. and its Appl.},
  OPTaddress = 	 {},
  edition = 	 {2nd},
  OPTmonth = 	 {},
  OPTnote = 	 {},
  OPTannote = 	 {}
}

@BOOK{HaslerNeirynck,
AUTHOR = "M. Hasler and J. Neirynck",
TITLE = "Nonlinear Circuits",
PUBLISHER = "Artech House",
ADDRESS = "Norwood, Mass.",
YEAR = "1986"}

@BOOK{Fosseprez,
AUTHOR = "M. Foss\'{e}prez",
TITLE = "Non-linear Circuits, Qualitative Analysis of Non-linear, 
Non-reciprocal Circuits",
PUBLISHER = "John Wiley",
YEAR = "1992"}





@Article{sdcBDIMatroid,
  author = 	 {S. Chaiken},
  title = 	 {A matroid abstraction of the {B}ott-{Duffin}
                  constrained inverse},
  journal = 	 {SIAM J. Alg. Disc. Meth.},
  year = 	 {1983},
  OPTkey = 	 {},
  OPTvolume = 	 {},
  number = 	 {4},
  OPTpages = 	 {467--475},
  OPTmonth = 	 {},
  OPTnote = 	 {},
  OPTannote = 	 {}
}

@INPROCEEDINGS{sdcOMP,
AUTHOR = "S. Chaiken",
TITLE = "Oriented Matroid Pairs, Theory and an Electric Application",
SERIES = "Contemporary Mathematics",
BOOKTITLE = "Matroid Theory, AMS-IMS-SIAM Joint Summer Research Conference",
EDITOR = "J. E. Bonin and  J. G. Oxley and B. Servatius",
VOLUME = 197,
YEAR = 1996,
ORGANIZATION = "American Mathematical Society",
PAGES = "313--331"}





@InProceedings{sdcISCAS95,
  author = 	 {S. Chaiken and P. Narendran).},
  title = 	 {The All-Minors VCCS Matrix Tree Theorem, 
                  Half-resistors and Applications in Symbolic 
                  Simulation},
  booktitle = 	 {IEEE Int. Conf. Circ. Syst.},
  OPTcrossref =  {},
  OPTkey = 	 {},
  OPTpages = 	 {},
  year = 	 {1995},
  OPTeditor = 	 {},
  OPTvolume = 	 {},
  OPTnumber = 	 {},
  OPTseries = 	 {},
  OPTaddress = 	 {},
  OPTmonth = 	 {},
  organization = {IEEE},
  OPTpublisher = {},
  OPTnote = 	 {},
  OPTannote = 	 {}
}


@InProceedings{sdcISCAS98,
  author = 	 {S. Chaiken},
  title = 	 {Hybrid matrix minors from tableau applied to a multiport
                  generalization of {NDR} related to stability},
  booktitle = 	 {IEEE Int. Conf. Circ. Syst.},
  OPTcrossref =  {},
  OPTkey = 	 {},
  OPTpages = 	 {},
  year = 	 {1998},
  OPTeditor = 	 {},
  OPTvolume = 	 {},
  OPTnumber = 	 {},
  OPTseries = 	 {},
  OPTaddress = 	 {},
  OPTmonth = 	 {},
  OPTorganization = {},
  OPTpublisher = {},
  OPTnote = 	 {},
  OPTannote = 	 {}
}



@Article{GreenWillNDR,
  author = 	 {M. M. Green and A. N. {Willson, Jr.}},
  title = 	 {On the relationship between negative differential
                  resistance and stability for nonlinear one-ports},
  journal = 	 {IEEE Trans. Circuits Syst. I},
  year = 	 {1996},
  OPTkey = 	 {},
  volume = 	 {43},
  OPTnumber = 	 {},
  pages = 	 {407--410},
  OPTmonth = 	 {May},
  OPTnote = 	 {},
  OPTannote = 	 {}
}

@BOOK{RigidityBook,
AUTHOR = "J. Graver and B. Servatius and H. Servatius",
TITLE = "Combinatorial Rigidity",
SERIES = "Graduate Studies in Mathematics",
VOLUME = 2,
PUBLISHER = "American Mathematics Society",
YEAR = 1993}

@ARTICLE{SWExistancePf,
AUTHOR = "I. W. Sandberg and A. N. {Willson, Jr.}",
TITLE = "Some theorems on properties of
dc equations of non-linear networks",
JOURNAL = "Bell Syst. Tech. J.",
VOLUME = 48,
PAGES =  "1--34",
YEAR = 1969}


@Article{SWExistanceSIAM,
  author = 	 "I. W. Sandberg and A. N. {Willson, Jr.}",
  title = 	 {Existence and uniqueness of solutions for the equations
                  of nonlinear {DC} networks},
  journal = 	 {SIAM J. Appl. Math.},
  year = 	 {1972},
  OPTkey = 	 {},
  volume = 	 {22},
  OPTnumber = 	 {2},
  pages = 	 {173--186},
  OPTmonth = 	 {},
  note = 	 {(uses implicit function theorem approach)},
  OPTannote = 	 {}
}

@ARTICLE{W0APPLpaper,
AUTHOR = "A. N. {Willson, Jr.}", 
TITLE = "New theorems on the equations of nonlinear dc
transistor networks", 
JOURNAL = "Bell Syst. Tech. J.",
VOLUME = 49,
PAGES = "1713--1738",
YEAR = 1970}


@Article{HaslerDApplMath,
  author = 	 {M. Hasler and C. Marthy and A. Oberlin and D. de Werra},
  title = 	 {A discrete model for studying existence and uniqueness 
of solutions in nonlinear resistive circuits},
  journal = 	 {Disc. Appl. Math.},
  year = 	 {1994},
  OPTkey = 	 {},
  volume = 	 {50},
  OPTnumber = 	 {},
  pages = 	 {169--184},
  OPTmonth = 	 {},
  OPTnote = 	 {Stuff to see what OPTnote does},
  OPTannote = 	 {stuff to see what OPTannote does}
}

@Article{WyattTele,
  author = 	 {J. L. {Wyatt, Jr.} and G. Papadopoulos},
  title = 	 {{K}irchhoff's laws and {T}ellegen's theorem for 
networks and continuous media},
  journal = 	 {IEEE Trans. Circuits and Syst.},
  year = 	 {1984},
  OPTkey = 	 {},
  volume = 	 {CAS--31},
  number = 	 {7},
  pages = 	 {657--661},
  month = 	 {July},
  OPTnote = 	 {},
  OPTannote = 	 {}
}

@Article{VandewalleChua,
  author = 	 {J. Vandewalle and L. O. Chua},
  title = 	 {The Colored Branch Theorem and its Applications 
                  in Circuit Theory},
  journal = 	 {IEEE Trans. Circuits Syst.},
  year = 	 {1980},
  OPTkey = 	 {},
  volume = 	 {CAS--27},
  number = 	 {9},
  pages = 	 {816--825},
  OPTmonth = 	 {},
  OPTnote = 	 {},
  OPTannote = 	 {}
}

@Article{sdcPorted,
  author = 	 {S. Chaiken},
  title = 	 {The  {T}utte polynomial of a {$P$}-ported matroid},
  journal = 	 {J. Combin. Theory Ser. B},
  year = 	 {1989},
  OPTkey = 	 {},
  volume = 	 {46},
  OPTnumber = 	 {},
  pages = 	 {96--117},
  OPTmonth = 	 {},
  OPTnote = 	 {},
  OPTannote = 	 {}
}

@Article{TrajWillNDR,
  author = 	 {L. Trajkovi\`{c} and A. N. {Willson, Jr.}},
  title = 	 {Complementary two-transistor circuits and negative 
differential resistance},
  journal = 	 {IEEE Trans. Circ. Syst.},
  year = 	 {1990},
  OPTkey = 	 {},
  volume = 	 {CAS--37},
  OPTnumber = 	 {},
  pages = 	 {1258--1266},
  OPTmonth = 	 {},
  OPTnote = 	 {},
  OPTannote = 	 {}
}

@Article{NishiChuaCactus,
  author = 	 {T. Nishi and L. O. Chua},
  title = 	 {Topological criteria for nonlinear resistive circuits
                  with controlled sources to have a unique solution},
  journal = 	 {IEEE Trans. Circ. Syst.},
  year = 	 {1984},
  OPTkey = 	 {},
  volume = 	 {CAS--31},
  OPTnumber = 	 {},
  pages = 	 {722--741},
  OPTmonth = 	 {},
  OPTnote = 	 {},
  OPTannote = 	 {}
}

@Article{NishiChuaCCCS,
  author = 	 {T. Nishi and L. O. Chua},
  title = 	 {Uniqueness of solution for nonlinear resistive circuits
                  containing {CCCS}'s or {VCVS}'s whose controlling coefficients
                  are finite},
  journal = 	 {IEEE Trans. Circ. Syst.},
  year = 	 {1986},
  OPTkey = 	 {},
  volume = 	 {CAS--33},
  OPTnumber = 	 {4},
  pages = 	 {381--397},
  OPTmonth = 	 {},
  OPTnote = 	 {},
  OPTannote = 	 {}
}

@Article{NishiChuaTransFB,
  author = 	 {T. Nishi and L. O. Chua},
  title = 	 {Topological Proof of the {N}ielsen-{W}illson Theorem},
  journal = 	 {IEEE Trans. Circ. Syst.},
  year = 	 {1986},
  OPTkey = 	 {},
  volume = 	 {CAS--33},
  OPTnumber = 	 {},
  pages = 	 {398--405},
  OPTmonth = 	 {},
  OPTnote = 	 {},
  OPTannote = 	 {}
}

@Article{FiedlerPtak,
  author = 	 {M. Fiedler and V. Ptak},
  title = 	 {Some generalizations of positive definiteness
                  and monotonicity},
  journal = 	 {Numer. Math.},
  year = 	 {1966},
  OPTkey = 	 {},
  volume = 	 {9},
  OPTnumber = 	 {},
  pages = 	 {163--172},
  OPTmonth = 	 {},
  OPTnote = 	 {},
  OPTannote = 	 {}
}


@Article{NielWillpaper,
  author = 	 {R. O. Nielsen and A. N. {Willson, Jr.} },
  title = 	 {A fundamental result concerning the 
                  topology of transistor circuits with
                  multiple operating equilibria},
  journal = 	 {Proc. IEEE},
  year = 	 {1980},
  OPTkey = 	 {},
  volume = 	 {68},
  OPTnumber = 	 {},
  pages = 	 {196--208},
  OPTmonth = 	 {},
  OPTnote = 	 {},
  OPTannote = 	 {}
}

@Book{Welsh,
  author = 	 {D. J. A. Welsh},
  ALTeditor = 	 {},
  title = 	 {Matroid Theory},
  publisher = 	 {Addison-Wesley},
  year = 	 {1976},
  OPTkey = 	 {},
  OPTvolume = 	 {},
  OPTnumber = 	 {},
  OPTseries = 	 {},
  OPTaddress = 	 {},
  OPTedition = 	 {},
  OPTmonth = 	 {},
  OPTnote = 	 {},
  OPTannote = 	 {}
}




@Book{ChensBook,
  author = 	 {W. K. Chen},
  ALTeditor = 	 {},
  title = 	 {Applied Graph Theory, Graphs and Electrical Networks},
  publisher = 	 {North-Holland},
  year = 	 {1976},
  OPTkey = 	 {},
  OPTvolume = 	 {},
  OPTnumber = 	 {},
  OPTseries = 	 {},
  OPTaddress = 	 {},
  edition = 	 {2},
  OPTmonth = 	 {},
  OPTnote = 	 {},
  OPTannote = 	 {}
}

@Book{Recski,
  author = 	 {A. Recski},
  ALTeditor = 	 {},
  title = 	 {Matroid Theory and its Applications in Electric 
                  Network Theory and in Statics},
  publisher = 	 {Springer-Verlag},
  year = 	 {1989},
  OPTkey = 	 {},
  OPTvolume = 	 {},
  OPTnumber = 	 {},
  OPTseries = 	 {},
  OPTaddress = 	 {},
  OPTedition = 	 {},
  OPTmonth = 	 {},
  OPTnote = 	 {},
  OPTannote = 	 {}
}


@Book{Murota,
  author = 	 {K. Murota},
  ALTeditor = 	 {},
  title = 	 {Matrices and matroids for systems analysis},
  publisher = 	 {Springer},
  year = 	 {2000},
  OPTkey = 	 {},
  OPTvolume = 	 {},
  OPTnumber = 	 {},
  OPTseries = 	 {},
  OPTaddress = 	 {},
  OPTedition = 	 {},
  OPTmonth = 	 {},
  OPTnote = 	 {},
  OPTannote = 	 {}
}


@Article{HaslerWangMonoDep,
  author = 	 {M. Hasler and C. Wang},
  title = 	 {Monotonic dependence on sources in nonlinear resistive
                  circuits},
  journal = 	 {Int. J. Electronics and Comm.},
  year = 	 {1992},
  OPTkey = 	 {},
  volume = 	 {46},
  OPTnumber = 	 {4},
  pages = 	 {242--249},
  OPTmonth = 	 {},
  OPTnote = 	 {},
  annote = 	 {Has predicatable sign of dependence on source value iff
                  source and element value have the same relative orientation
                  in all common covectors.  Uses idea that any derivatives
                  of currents and voltages satisfy Kirch. laws.
                  Similar to "Monotonicity is nonlinear resistive circuits"
                  by Chauffoureaux and Hasler, 1990 ISCAS.}
}

@InProceedings{ChauffHaslerMonoDep,
  author = 	 {P. Chauffoureaux and M. Hasler},
  title = 	 {Monotonicity is nonlinear resistive circuits},
  booktitle = 	 {IEEE Int. Conf. Circ. Syst.},
  OPTcrossref =  {},
  OPTkey = 	 {},
  pages = 	 {395--398},
  year = 	 {1990},
  OPTeditor = 	 {},
  OPTvolume = 	 {},
  OPTnumber = 	 {},
  OPTseries = 	 {},
  OPTaddress = 	 {},
  OPTmonth = 	 {},
  OPTorganization = {},
  OPTpublisher = {},
  OPTnote = 	 {},
  OPTannote = 	 {}
}

@Article{WillsonNoGain,
  author = 	 {A. N. {Willson, Jr.}},
  title = 	 {The no-gain property for networks containing three-terminal
                  elements},
  journal = 	 {IEEE Trans. Circuits Syst.},
  year = 	 {1975},
  OPTkey = 	 {},
  volume = 	 {CAS--22},
  number = 	 {8},
  pages = 	 {678--687},
  month = 	 {August},
  OPTnote = 	 {},
  annote = 	 {Referred from \cite{TrajWillNDR}. Has cool diagrams of
                  regions.}
}



@Article{EvenCircSol:RobSeyTho,
  author = 	 {N.\ Robertson and P.\ D.\ Seymour and R.\ Thomas},
  title = 	 {Permanents, 
Pfaffian orientations, and even directed circuits},
  journal = 	 {Ann. Math.},
  year = 	 {1999},
  OPTkey = 	 {},
  volume = 	 {150},
  OPTnumber = 	 {},
  pages = 	 {929--975},
  OPTmonth = 	 {},
  OPTnote = 	 {},
  OPTannote = 	 {}
}




@misc{ thomas-recent,
  author = "Robin Thomas",
  title = "Recent Excluded Minor Theorems",
  url = "citeseer.nj.nec.com/59652.html" }



@misc{ mccuaig-permanents,
  author = "McCuaig and Robertson and Seymour and Thomas",
  title = "Permanents, Pfaffian Orientations, And Even Directed Circuits (Extended
    Abstract)",
  url = "citeseer.nj.nec.com/mccuaig97permanent.html" }




@inproceedings{ thomas99graph,
    author = "Robin Thomas",
    title = "Graph Planarity and Related Topics",
    booktitle = "Graph Drawing",
    pages = "137-144",
    year = "1999",
    url = "citeseer.nj.nec.com/262937.html" }



@misc{ lim-new,
  author = "Chjan C. Lim and Gregory K. Van Patten",
  title = "New Proofs of the Uniqueness of Extremal Noneven Digraphs",
  url = "citeseer.nj.nec.com/lim97new.html",
  note = "Appearing Bull. Malaysian Math. Soc., 2001. "
 }



@InBook{thomas-recent-book,
  author = 	 {R.\ Thomas},
  editor = 	 {J. D. Lamb and D. A. Preece},
  title = 	 {Surveys in Combinatorics},
  chapter = 	 {Recent excluded minor theorems},
  publisher = 	 {Cambridge University Press},
  year = 	 {1999},
  OPTkey = 	 {},
  OPTvolume = 	 {},
  OPTnumber = 	 {},
  OPTseries = 	 {},
  OPTtype = 	 {},
  address = 	 {Cambridge},
  OPTedition = 	 {},
  OPTmonth = 	 {},
  OPTpages = 	 {},
  OPTnote = 	 {},
  OPTannote = 	 {}
}


@Article{DesoerWu,
  author = 	 {C. A. Desoer and F. F. Wu},
  title = 	 {Nonlinear Monotone Networks},
  journal = 	 {SIAM J. Appl. Math.},
  year = 	 {1974},
  OPTkey = 	 {},
  volume = 	 {26},
  OPTnumber = 	 {2},
  pages = 	 {315--333},
  OPTmonth = 	 {},
  OPTnote = 	 {},
  OPTannote = 	 {}
}






@Article{RockafellarConvProg,
  author = 	 {R. T. Rockafellar},
  title = 	 {Convex Programming and Systems of elementary
                  monotone relations},
  journal = 	 {J. Math. Anal. Appl.},
  year = 	 {1967},
  OPTkey = 	 {},
  volume = 	 {19},
  OPTnumber = 	 {},
  pages = 	 {543-564},
  OPTmonth = 	 {},
  OPTnote = 	 {},
  OPTannote = 	 {}
}






@misc{ ziegler-oriented,
  author = "G\:{u}nter M. Ziegler",
  title = "Oriented Matroids Today",
  url = "citeseer.nj.nec.com/article/ziegler98oriented.html" }


@misc{ finschi-generation,
  author = "L. Finschi and K. Fukuda",
  title = "Generation of oriented matroids --- a graph theoretical approach",
  text = "L. Finschi and K. Fukuda. Generation of oriented matroids --- a graph theoretical
    approach. To appear in Discrete Comput. Geom.",
  url = "citeseer.nj.nec.com/finschi00generation.html" }

@Article{BlandLP,
  author = 	 {R. G. Bland},
  title = 	 {A combinatorial abstraction of linear programming},
  journal = 	 {J. Combin. Theory, Ser. B},
  year = 	 {1977},
  OPTkey = 	 {},
  volume = 	 {23},
  OPTnumber = 	 {},
  pages = 	 {33-57},
  OPTmonth = 	 {},
  OPTnote = 	 {},
  OPTannote = 	 {}
}

@Article{ratcomplaa, 
author = {W.P.M.H. Heemels and J.M. Schumacher
  and S. Weiland}, 
title = {The rational complementarity problem},
journal = {Linear Algebra and its Applications}, 
year = {1999},
OPTkey = {}, 
volume = {294}, 
OPTnumber = {}, 
pages = {93--135},
OPTmonth = {}, 
OPTnote = {Problem of ``complementarity conditions
  are imposed on input and output variables of linear dynamical
  input/state/output systems ...  Using these results and proving that
  the corresponding LCPs have certain properties, we can show
  uniqueness and existence of solutions to linear me- chanical systems
  with unilateral constraints, electrical networks with diodes, and
  linear dynamical systems subject to relays and/or Coulomb friction.
  ''}, 
OPTannote = {} 
}

@Article{pwlinlaa,
  author = 	 {M.K. Camlibel and J.M. Schumacher},
  title = 	 {Existence and uniqueness of solutions for a class of 
                  piecewise linear dynamical systems},
  journal = 	 {Linear Algebra and its Applications},
  year = 	 {2002},
  OPTkey = 	 {},
  volume = 	 {xx},
  OPTnumber = 	 {},
  pages = 	 {in press},
  OPTmonth = 	 {},
  OPTnote = 	 { ``We consider the class of dynamical systems that 
                  arises when inputs and outputs of a linear 
                  system are connected pairwise by means 
                  of piecewise linear algebraic relations.''},
  OPTannote = 	 {}
}

@TechReport{LinCompOM,
  author = 	 {K. Fukuda and T. Terlaky},
  title = 	 {Linear complementarity and oriented matroids},
  institution =  {Grad. Sch. Sys. Manag., U. Tshukba, Japan},
  year = 	 {1990},
  OPTkey = 	 {},
  OPTtype = 	 {},
  OPTnumber = 	 {},
  OPTaddress = 	 {},
  OPTmonth = 	 {},
  OPTnote = 	 {},
  OPTannote = 	 {}
}


@Article{SandGlobInv,
  author = 	 {Irwin W. Sandberg},
  title = 	 {Necessary and sufficient conditions for the global
                  invertibility of certain nonlinear operators that arise
                  in the analysis of networks},
  journal = 	 {IEEE Trans. Circ. Systems},
  year = 	 {1971},
  OPTkey = 	 {},
  volume = 	 {CT-18},
  number = 	 {2},
  OPTpages = 	 {260--263},
  OPTmonth = 	 {},
  OPTnote = 	 {},
  OPTannote = 	 {}
}


@Article{genP0andP,
  author = 	 {R. Sznajder and M. S. Gowda},
  title = 	 {Generalizations of $P_0$ and $P$-properties; extended
                  vertical and horizontal linear complementarity problems},
  journal = 	 {Lin. Alg. Appl.},
  year = 	 {1995},
  OPTkey = 	 {},
  volume = 	 {223/224},
  OPTnumber = 	 {},
  OPTpages = 	 {695--715},
  month = 	 {},
  note = 	 {$W_0$ pair $(A,B)$ $\det (AD+B)\neq 0$ generalized to
                  $(M_0,\ldots,M_k)$ with $\det (M_0D_0+\cdots+M_kD_k)\neq 0$
                  for pos. diagonal $D$s},
  OPTannote = 	 {}
}

@Article{DesoerWuRLCTrajectories,
  author = 	 {C. A. Desoer and F. F. Wu},
  title = 	 {Trajectories of nonlinear {RLC} networks: a geometric
                  approach},
  journal = 	 {IEEE Trans. Circ. Systems},
  year = 	 {1972},
  OPTkey = 	 {},
  volume = 	 {CT-19},
  number = 	 {6},
  pages = 	 {562--571},
  OPTmonth = 	 {},
  note = 	 {References Smale's paper},
  OPTannote = 	 {}
}

@Article{GlobInvFun,
  author = 	 {F. F. Wu and C. A. Desoer},
  title = 	 {Global inverse function theorem},
  journal = 	 {IEEE Trans. Circ. Systems},
  year = 	 {1972},
  OPTkey = 	 {},
  volume = 	 {CT-19},
  OPTnumber = 	 {},
  pages = 	 {199--201},
  OPTmonth = 	 {},
  note = 	 {Self-contained pf. of Palais' theorem},
  OPTannote = 	 {}
}

@Book{LinCompBook,
  author = 	 {R. W. Cottle and J.-S. Pang and R. E. Stone},
  ALTeditor = 	 {},
  title = 	 {The Linear Complementarity Problem},
  publisher = 	 {Academic Press},
  year = 	 {1992},
  OPTkey = 	 {},
  OPTvolume = 	 {},
  OPTnumber = 	 {},
  OPTseries = 	 {},
  OPTaddress = 	 {},
  OPTedition = 	 {},
  OPTmonth = 	 {},
  OPTnote = 	 {},
  OPTannote = 	 {}
}

