@article {MR311496,
    AUTHOR = {Mason, J. H.},
     TITLE = {On a class of matroids arising from paths in graphs},
   JOURNAL = {Proc. London Math. Soc. (3)},
  FJOURNAL = {Proceedings of the London Mathematical Society. Third Series},
    VOLUME = {25},
      YEAR = {1972},
     PAGES = {55--74},
      ISSN = {0024-6115},
   MRCLASS = {05B35},
  MRNUMBER = {311496},
MRREVIEWER = {George W. Dinolt},
       DOI = {10.1112/plms/s3-25.1.55},
       AlbanyURL = {https://doi-org.libproxy.albany.edu/10.1112/plms/s3-25.1.55},
}
