
@Article{DuffinSP,
  author = 	 {R. Duffin},
  title = 	 {Topology of series-parallel networks},
  journal = 	 {J. Math. Anal. Appl.},
  year = 	 {1965},
  OPTkey = 	 {},
  volume = 	 {10},
  OPTnumber = 	 {},
  pages = 	 {303--318},
  OPTmonth = 	 {},
  OPTnote = 	 {},
  OPTannote = 	 {}
}

@Article{Ellis-Monaghan-Traldi,
  author = 	 {J. A. Ellis-Monaghan and Lorenzo Traldi},
  title = 	 {Parametrized {T}utte polynomials of graphs and matroids},
  journal = 	 {Combinatorics, Probability and Computing},
  year = 	 {2006},
  OPTkey = 	 {},
  volume = 	 {15},
  OPTnumber = 	 {},
  pages = 	 {835--854},
  OPTmonth = 	 {},
  OPTnote = 	 {Preprint from \verb|http://ww2.lafayette.edu/~traldi| dated Nov. 10, 2004},
  OPTannote = 	 {}
}




@Misc{ZaslavskyOct18,
  OPTkey = 	 {},
  author = 	 {Thomas Zaslavsky},
  title = 	 {Tutte functions},
  howpublished = {Presentation at the Thomas H. Brylawsky Memorial Conference,
                  Chapel Hill},
  month = 	 {October 18},
  year = 	 {2008},
  note = 	 {joint work in progress with J. A. Ellis-Monaghan},
  OPTannote = 	 {}
}

@article {MR93a:05047,
    AUTHOR = {Zaslavsky, Thomas},
     TITLE = {Strong {T}utte functions of matroids and graphs},
   JOURNAL = {Trans. Amer. Math. Soc.},
  FJOURNAL = {Transactions of the American Mathmatical Society},
    VOLUME = {334},
      YEAR = {1992},
    NUMBER = {1},
     PAGES = {317--347},
      ISSN = {0002-9947},
     CODEN = {TAMTAM},
   MRCLASS = {05B35 (05C99 57M25)},
  MRNUMBER = {93a:05047},
MRREVIEWER = {Lorenzo Traldi},
}

@Article{BollobasRiordanTuttePolyColored,
  author = 	 {B. Bollob\'{a}s and O. Riordan},
  title = 	 {A {T}utte Polynomial for Colored Graphs},
  journal = 	 {Combin. Probab. Computat.},
  year = 	 {1999},
  OPTkey = 	 {},
  volume = 	 {8},
  number = 	 {1--2},
  pages = 	 {45--93},
  OPTmonth = 	 {},
  OPTnote = 	 {},
  OPTannote = 	 {}
}


@INPROCEEDINGS{sdcOMP,
AUTHOR = "Seth Chaiken",
TITLE = "Oriented Matroid Pairs, Theory and an Electric Application",
SERIES = "Contemporary Math.",
BOOKTITLE = "Matroid Theory, AMS-IMS-SIAM Joint Summer Research Conference",
EDITOR = "J. E. Bonin and  J. G. Oxley and B. Servatius",
VOLUME = 197,
YEAR = 1996,
ORGANIZATION = "American Math. Society",
PAGES = "313--331"}





@Misc{TutteEx,
  OPTkey = 	 {},
  author = 	 {S. Chaiken},
  title = 	 {Ported Tutte Functions of Extensors and Oriented
                  Matroids},
  howpublished = {\verb|http://arXiv.org/abs/0605707|},
  month = 	 {August},
  year = 	 {2006},
  OPTnote = 	 {},
  OPTannote = 	 {}
}

@Article{sdcPorted,
  author = 	 {Seth Chaiken},
  title = 	 {The  {T}utte polynomial of a {$P$}-ported matroid},
  journal = 	 {J. Combin. Theory Ser. B},
  year = 	 {1989},
  OPTkey = 	 {},
  volume = 	 {46},
  OPTnumber = 	 {},
  pages = 	 {96--117},
  OPTmonth = 	 {},
  OPTnote = 	 {},
  OPTannote = 	 {}
}


@article {SetPointedLV,
    AUTHOR = {Las Vergnas, Michel},
     TITLE = {The {T}utte polynomial of a morphism of matroids. {I}.
              {S}et-pointed matroids and matroid perspectives},
      NOTE = {Symposium \`a la M\'emoire de Fran\c cois Jaeger (Grenoble,
              1998)},
   JOURNAL = {Ann. Inst. Fourier (Grenoble)},
  FJOURNAL = {Universit\'e de Grenoble. Annales de l'Institut Fourier},
    VOLUME = {49},
      YEAR = {1999},
    NUMBER = {3},
     PAGES = {973--1015},
      ISSN = {0373-0956},
     CODEN = {AIFUA7},
   MRCLASS = {05B35},
  MRNUMBER = {MR1703434 (2000f:05024)},
MRREVIEWER = {Talmage J. Reid},
       url =  {http://annalif.ujf-grenoble.fr/Vol49/E493_14/E493_14.html}
}

@article {MR0419272,
    AUTHOR = {Las Vergnas, Michel},
     TITLE = {Extensions normales d'un matro\"\i de, polyn\^ome de {T}utte
              d'un morphisme},
   JOURNAL = {C. R. Acad. Sci. Paris S\'er. A-B},
    VOLUME = {280},
      YEAR = {1975},
    NUMBER = {22},
     PAGES = {Ai, A1479--A1482},
   MRCLASS = {05B35},
  MRNUMBER = {MR0419272 (54 \#7295)},
}

@article {MR497888,
    AUTHOR = {Las Vergnas, Michel},
     TITLE = {Extensions ponctuelles compatibles d'une g\'eom\'etrie
              combinatoire},
   JOURNAL = {C. R. Acad. Sci. Paris S\'er. A-B},
  FJOURNAL = {Comptes Rendus Hebdomadaires des S\'eances de l'Acad\'emie des
              Sciences. S\'eries A et B},
    VOLUME = {286},
      YEAR = {1978},
    NUMBER = {21},
     PAGES = {A981--A984},
      ISSN = {0151-0509},
     CODEN = {CHASAP},
   MRCLASS = {05B25},
  MRNUMBER = {MR497888 (81e:05049)},
}


@article {SetPointedLV1,
    AUTHOR = {Las Vergnas, Michel},
     TITLE = {Sur les extensions principales d'un matro\"\i de},
   JOURNAL = {C. R. Acad. Sci. Paris S\'er. A-B},
    VOLUME = {280},
      YEAR = {1975},
     PAGES = {A187--A190},
   MRCLASS = {05B35},
  MRNUMBER = {MR0369111 (51 \#5347)},
MRREVIEWER = {A. W. Ingleton},
}


@book {OMBOOK,
    AUTHOR = {Bj{\"o}rner, Anders and Las Vergnas, Michel and Sturmfels,
              Bernd and White, Neil and Ziegler, G{\"u}nter M.},
     TITLE = {Oriented matroids},
    SERIES = {Encyclopedia of Mathematics and its Applications},
    VOLUME = {46},
   EDITION = {Second},
 PUBLISHER = {Cambridge University Press},
   ADDRESS = {Cambridge},
      YEAR = {1999},
     PAGES = {xii+548},
      ISBN = {0-521-77750-X},
   MRCLASS = {52B40 (05B35 52C35)},
  MRNUMBER = {MR1744046 (2000j:52016)},
}

@Article{BrylawskiPointed,
  author = 	 {T. H. Brylawski},
  title = 	 {A Combinatorial Model for Series-Parallel Networks},
  journal = 	 {Trans. Amer. Math. Soc.},
  year = 	 {1971},
  OPTkey = 	 {},
  volume = 	 {154},
  OPTnumber = 	 {},
  pages = 	 {1--22},
  OPTmonth = 	 {},
  OPTnote = 	 {},
  OPTannote = 	 {}
}





@Misc{RelTuttePoly,
  OPTkey = 	 {},
  author = 	 {Y. Diao and G. Hetyei},
  TITLE = {Relative {T}utte Polynomials For Colored Graphs And Virtual
          Knot Theory},
  howpublished = {preprint},
  month = 	 {May},
  year = 	 {2008},
  note = 	 {\verb|http://www.math.uncc.edu/preprint/2008/2008_06.pdf|},
  OPTannote = 	 {}
}

@Article{GordonMcMachonGreedoid,
  author = 	 {Gary Gordon and Elizabeth McMahon},
  title = 	 {Interval Partitions and Activities
                  for  the Greedoid {T}utte Polynomial},
  journal = 	 {Adv. Appl. Math.},
  year = 	 {1997},
  OPTkey = 	 {},
  volume = 	 {18},
  number = 	 {1},
  pages = 	 {33-49},
  month = 	 {Jan.},
  OPTnote = 	 {},
  url =          {http://dx.doi.org/10.1006/aama.1996.0495},
  annote = 	 {Explains the computation tree}
}

@Misc{JoAndTom,
  OPTkey = 	 {},
  author = 	 {J. A. Ellis-Monaghan and T. Zaslavsky},
  OPTtitle = 	 {},
  howpublished = {Personal Communication},
  OPTmonth = 	 {},
  OPTyear = 	 {},
  OPTnote = 	 {},
  OPTannote = 	 {}
}

@InBook{Ellis-Monaghan-Merino-1,
  author = 	 {J. A. Ellis-Monaghan and C. Merino},
  ALTeditor = 	 {Matthias Dehmer},
  title = 	 {Structural Analysis of Complex Networks},
  chapter = 	 {Graph polynomials and their applications I: 
                  the Tutte polynomial},
  publisher = 	 {in press},
  year = 	 {2008},
  OPTkey = 	 {},
  OPTvolume = 	 {},
  OPTnumber = 	 {},
  OPTseries = 	 {},
  OPTtype = 	 {},
  OPTaddress = 	 {},
  OPTedition = 	 {},
  OPTmonth = 	 {},
  OPTpages = 	 {},
  note = 	 {\verb|http://arxiv.org/abs/0803.3079|},
  OPTannote = 	 {}
}

@InBook{Ellis-Monaghan-Merino-2,
  author = 	 {J. A. Ellis-Monaghan and C. Merino},
  ALTeditor = 	 {Matthias Dehmer},
  title = 	 {Structural Analysis of Complex Networks},
  chapter = 	 {Graph polynomials and their applications II: 
                  Interrelations and Interpretations},
  publisher = 	 {in press},
  year = 	 {2008},
  OPTkey = 	 {},
  OPTvolume = 	 {},
  OPTnumber = 	 {},
  OPTseries = 	 {},
  OPTtype = 	 {},
  OPTaddress = 	 {},
  OPTedition = 	 {},
  OPTmonth = 	 {},
  OPTpages = 	 {},
  note = 	 {\verb|http://arxiv.org/abs/0806.4699v1|},
  OPTannote = 	 {}
}





@Book{TutteGraphBook,
  author = 	 {W. T. Tutte},
  ALTeditor = 	 {},
  title = 	 {Graph Theory},
  publisher = 	 {Cambridge Univ. Press},
  year = 	 {1984},
  OPTkey = 	 {},
  OPTvolume = 	 {},
  OPTnumber = 	 {},
  OPTseries = 	 {},
  OPTaddress = 	 {},
  OPTedition = 	 {},
  OPTmonth = 	 {},
  OPTnote = 	 {},
  OPTannote = 	 {}
}

@Article{TutteDich,
  author = 	 {W. T. Tutte},
  title = 	 {A contribution to the theory of dichromatic polynomials},
  journal = 	 {Canad. J. Math.},
  year = 	 {1954},
  OPTkey = 	 {},
  volume = 	 {6},
  OPTnumber = 	 {},
  pages = 	 {80--91},
  OPTmonth = 	 {},
  OPTnote = 	 {},
  OPTannote = 	 {}
}





@Article{CrapoTP,
  author = 	 {H. H. Crapo},
  title = 	 {The Tutte Polynomial},
  journal = 	 {Aequationes Math.},
  year = 	 {1969},
  OPTkey = 	 {},
  volume = 	 {3},
  OPTnumber = 	 {},
  pages = 	 {211--229},
  OPTmonth = 	 {},
  OPTnote = 	 {},
  OPTannote = 	 {}
}

@Article{CrapoAct,
  author = 	 {Henry H. Crapo},
  title = 	 {{M}obius inversion in lattices},
  journal = 	 {Arch. Math. (Basel)},
  year = 	 {1968},
  OPTkey = 	 {},
  volume = 	 {19},
  OPTnumber = 	 {},
  pages = 	 {565--607},
  OPTmonth = 	 {},
  OPTnote = 	 {},
  OPTannote = 	 {}
}


@Article{GesselSaganDFS,
  author = 	 {Ira M. Gessel and  Bruce E. Sagan},
  title = 	 {The {T}utte polynomial of a graph, depth-first search, and simplicial complex partitions},
  journal = 	 {The Foata Festschrift.  Electron. J. Combin. },
  year = 	 {1996},
  OPTkey = 	 {},
  volume = 	 {3},
  number = 	 {2},
  OPTpages = 	 {},
  OPTmonth = 	 {},
  note = 	 {Research Paper 9, approx. 36 pp. (electronic)},
  OPTannote = 	 {}
}


@Article{KauffmanVirtualKnots,
  author = 	 {L. H. Kauffman},
  title = 	 {Virtual knot theory},
  journal = 	 {European J. Combin.},
  year = 	 {1999},
  OPTkey = 	 {},
  volume = 	 {20},
  number = 	 {7},
  pages = 	 {663--690},
  OPTmonth = 	 {},
  OPTnote = 	 {},
  OPTannote = 	 {}
}


@Book{Garey-Johnson,
  author = 	 {Michael R. Garey and David S. Johnson},
  ALTeditor = 	 {},
  title = 	 {Computers and intractability.
                  A guide to the theory of {NP}-completeness},
  publisher = 	 {W. H. Freeman and Co.},
  year = 	 {1979},
  OPTkey = 	 {},
  OPTvolume = 	 {},
  OPTnumber = 	 {},
  OPTseries = 	 {},
  address = 	 {San Francisco, Calif.},
  OPTedition = 	 {},
  OPTmonth = 	 {},
  OPTnote = 	 {},
  OPTannote = 	 {}
}

@Book{HararyBook,
  author = 	 {Frank Harary},
  ALTeditor = 	 {},
  title = 	 {Graph theory},
  publisher = 	 {Addison-Wesley},
  year = 	 {1969},
  OPTkey = 	 {},
  OPTvolume = 	 {},
  OPTnumber = 	 {},
  OPTseries = 	 {},
  address = 	 {Reading, Mass.},
  OPTedition = 	 {},
  OPTmonth = 	 {},
  OPTnote = 	 {},
  OPTannote = 	 {}
}



@Article{sdcMTT,
  author = 	 {Seth Chaiken},
  title = 	 {A combinatorial proof of the all minors matrix tree theorem},
  journal = 	 {SIAM J. Algebraic Discrete Methods},
  year = 	 {1982},
  OPTkey = 	 {},
  volume = 	 {3},
  number = 	 {3},
  pages = 	 {319--329},
  OPTmonth = 	 {},
  OPTnote = 	 {},
  OPTannote = 	 {}
}

@Article{SmithPatroids,
  author = 	 {C. A. B. Smith},
  title = 	 {Patroids},
  journal = 	 {J. Comb. Theory ser. B},
  year = 	 {1974},
  OPTkey = 	 {},
  volume = 	 {16},
  OPTnumber = 	 {},
  pages = 	 {64--76},
  OPTmonth = 	 {},
  OPTnote = 	 {},
  OPTannote = 	 {}
}

@article{BryDetIdResistive,
  author = {T. H. Brylawski},
  collaboration = {},
  title = {A Determinantal Identity for Resistive Networks},
  publisher = {SIAM},
  year = {1977},
  journal = {SIAM Journal on Applied Mathematics},
  volume = {32},
  number = {2},
  pages = {443-449},
  url = {http://link.aip.org/link/?SMM/32/443/1},
  doi = {10.1137/0132036}
}

@InBook{CRCHandbookPorts,
  ALTauthor = 	 {},
  editor = 	 {Wai-Kai Chen},
  title = 	 {The Circuits and Filters Handbook},
  chapter = 	 {15.3, Linear Two-Port Networks and 
                  17.3, Port Representations},
  publisher = 	 {CRC Press and IEEE},
  year = 	 {1995},
  OPTkey = 	 {},
  OPTvolume = 	 {},
  OPTnumber = 	 {},
  OPTseries = 	 {},
  OPTtype = 	 {},
  OPTaddress = 	 {},
  OPTedition = 	 {},
  OPTmonth = 	 {},
  OPTpages = 	 {532--581, 603--613},
  OPTnote = 	 {},
  OPTannote = 	 {}
}





@Article{ChoeRayleigh,
  author = 	 {Y.-B. Choe},
  title = 	 {A combinatorial proof of the Rayleigh formula for graphs},
  journal = 	 {Discrete Math.},
  year = 	 {2003},
  OPTkey = 	 {},
  OPTvolume = 	 {},
  OPTnumber = 	 {},
  OPTpages = 	 {},
  OPTmonth = 	 {},
  note = 	 {in press},
  OPTannote = 	 {}
}



@Article{SempleWelshNegCorr08,
  author = 	 {C. Semple and D.J.A. Welsh},
  title = 	 {Negative correlation in graphs and matroids},
  journal = 	 {Combin. Probab. Comput.},
  year = 	 {2008},
  OPTkey = 	 {},
  volume = 	 {17},
  OPTnumber = 	 {},
  pages = 	 {423--435},
  OPTmonth = 	 {},
  OPTnote = 	 {},
  OPTannote = 	 {}
}

@Misc{HalfPlaneStuff,
  author =       {Young-Bin Choe and James G. Oxley 
                  and Alan D. Sokal and David G. Wagner},
  OPTkey = 	 {},
  title = 	 {Homogeneous Multivariate Polynomials
                  with the Half-Plane Property},
  note =          {\verb|http://arxiv.org/abs/math/0202034| \verb|[math.CO]|},
  OPThowpublished = {},
  month = 	 {Dec.},
  year = 	 {2002},
  OPTannote = 	 {}
}

@InBook{BjornerChap,
  author = 	 {Anders Bj\"{o}rner},
  ALTeditor = 	 {Neil White},
  title = 	 {Matroid Applications},
  chapter = 	 {7 The Homology and Shellability of Matroids and
                  Geometric Lattices},
  publisher = 	 {Cambridge},
  year = 	 {1992},
  OPTkey = 	 {},
  volume = 	 {40},
  OPTnumber = 	 {},
  series = 	 {Encyc. of Math. and its Appl.},
  OPTtype = 	 {},
  OPTaddress = 	 {},
  OPTedition = 	 {},
  OPTmonth = 	 {},
  OPTpages = 	 {},
  OPTnote = 	 {},
  OPTannote = 	 {}
}

