@article{CambridgeJournals:6634424,
author = {DIAO,Y. and HETYEI,G.},
title = {Relative Tutte Polynomials for Coloured Graphs and Virtual Knot Theory},
journal = {Combinatorics, Probability and Computing},
volume = {First View},
number = { },
pages = {1-27},
year = {2009},
doi = {10.1017/S0963548309990484},
URL = {http://journals.cambridge.org/action/displayAbstract?fromPage=online&aid=6634424&fulltextType=RA&fileId=S0963548309990484},
eprint = {http://journals.cambridge.org/article_S0963548309990484},
}
