@article{ChoeRayl,
 author = {Young-Bin Choe and David G. Wagner},
 title = {Rayleigh matroids},
 journal = {Combin. Probab. Comput.},
 volume = {15},
 pages = {765--781},
 number = {5},
 year = {2006},
 archivePrefix = {arXiv},
  eprint = {arXiv:math/0307096v3},
  primaryClass = "math"
}

@article{NegCorr,
 author = {David G. Wagner},
 title = {Negatively correlated random variables and {M}ason's conjecture
for independent sets in matroids},
 journal = {Ann. Comb.},
 volume = {12},
 year = {2008},
 number = {2},
 pages = {211--239},
  archivePrefix = {arXiv},
  eprint = {arXiv:math/0602648v1},
  primaryClass = "math"
}


@article{ChoeOSW,
 author = {Young-Bin Choe and James G. Oxley 
           and Alan D. Sokal and David G. Wagner},
 title = {Homogeneous multivariate polynomials with the half-plane property},
 journal = {Adv. Appl. Math.},
 volume = {32},
 pages = {88--187},
 year = {2004},
 archivePrefix = {arXiv},
 eprint = {arXiv:math/0202034},
 primaryClass = {math}
}

@article{TPMorphMat80,
 author = {Michel Las Vergnas},
 title = {On the {T}utte polynomial of a morphism of matroids},
 journal = {Ann. Discrete Math.}, 
 volume = {8},
 pages = {7--20},
 year =  {1980}
}

@article{TPMorphMatI99,
 author = {Michel Las Vergnas},
 title = {The Tutte polynomial of a morphism of matroids. 
   I. Set-pointed matroids and matroid perspectives},
 journal = {Ann. Inst. Fourier (Grenoble), 
   Symposium \`{a} la M\'{e}moire de François Jaeger (Grenoble, 1998).},
 volume = {49}, 
  year = {1999},
  number = {3},
  pages =  {973–1015},
 url = {http://www.numdam.org/item?id=AIF_1999__49_3_973_0}
}


@Book{CombinatorialGeometries,
  ALTauthor = 	 {},
  editor = 	 {Neil White},
  title = 	 {Combinatorial Geometries},
  publisher = 	 {Cambridge Univ. Press},
  year = 	 {1987},
  OPTkey = 	 {},
  volume = 	 {29},
  OPTnumber = 	 {},
  series = 	 {Encyclopedia of mathematics and its applications},
  address = 	 {Cambridge},
  OPTedition = 	 {},
  OPTmonth = 	 {},
  OPTnote = 	 {},
  OPTannote = 	 {}
}

@Book{TheoryMatroids,
  ALTauthor = 	 {},
  editor = 	 {Neil White},
  title = 	 {Theory of Matroids},
  publisher = 	 {Cambridge Univ. Press},
  year = 	 {1986},
  OPTkey = 	 {},
  volume = 	 {26},
  OPTnumber = 	 {},
  series = 	 {Encyclopedia of mathematics and its applications},
  address = 	 {Cambridge},
  OPTedition = 	 {},
  OPTmonth = 	 {},
  OPTnote = 	 {},
  OPTannote = 	 {}
}

@Book{JacobsonI,
  author = 	 {Nathan Jacobson},
  ALTeditor = 	 {},
  title = 	 {Basic Algebra I},
  publisher = 	 {W. H. Freeman},
  year = 	 {1974},
  OPTkey = 	 {},
  OPTvolume = 	 {},
  OPTnumber = 	 {},
  OPTseries = 	 {},
  address = 	 {San Francisco},
  OPTedition = 	 {},
  OPTmonth = 	 {},
  OPTnote = 	 {},
  OPTannote = 	 {}
}

@Book{Frankel,
  author = 	 {Theodore Frankel},
  ALTeditor = 	 {},
  title = 	 {Geometry of Physics, an Introduction},
  publisher = 	 {Cambridge Univ. Press},
  year = 	 {1997},
  OPTkey = 	 {},
  OPTvolume = 	 {},
  OPTnumber = 	 {},
  OPTseries = 	 {},
  address = 	 {Cambridge},
  OPTedition = 	 {},
  OPTmonth = 	 {},
  OPTnote = 	 {},
  OPTannote = 	 {}
}

@Book{ThulasiramanSwamyBook,
  author = 	 {K. Thulasiraman and M. N. S. Swamy},
  ALTeditor = 	 {},
  title = 	 {Graphs: Theory and Algorithms},
  publisher = 	 {Wiley-Interscience},
  year = 	 {1992},
  OPTkey = 	 {},
  OPTvolume = 	 {},
  OPTnumber = 	 {},
  OPTseries = 	 {},
  address = 	 {New York},
  OPTedition = 	 {},
  OPTmonth = 	 {},
  OPTnote = 	 {},
  OPTannote = 	 {}
}




@Book{LinNonLinCircuitsBook,
  author = 	 {Leon O. Chua and  Charles A. Desoer and Ernest S. Kuh},
  ALTeditor = 	 {},
  title = 	 {Linear and nonlinear circuits},
  publisher = 	 {McGraw-Hill},
  year = 	 {1987},
  OPTkey = 	 {},
  OPTvolume = 	 {},
  OPTnumber = 	 {},
  OPTseries = 	 {},
  address = 	 {New York},
  OPTedition = 	 {},
  OPTmonth = 	 {},
  OPTnote = 	 {},
  OPTannote = 	 {}
}

@Article{BiggsAlgPotTheory,
  author = 	 {Norman Biggs},
  title = 	 {Algebraic Potential Theory on Graphs},
  journal = 	 {Bull. London Math. Soc.},
  year = 	 {1997},
  OPTkey = 	 {},
  volume = 	 {29},
  OPTnumber = 	 {},
  pages = 	 {641--682},
  OPTmonth = 	 {},
  OPTnote = 	 {},
  OPTannote = 	 {}
}

@Article{ChungYaoGreens,
  author = 	 {Fan Chung and S.-T. Yau},
  title = 	 {Discrete {G}reen's Functions},
  journal = 	 {J. Comb. Theory A},
  year = 	 {2000},
  OPTkey = 	 {},
  volume = 	 {91},
  OPTnumber = 	 {},
  pages = 	 {191--214},
  OPTmonth = 	 {},
  OPTnote = 	 {},
  OPTannote = 	 {}
}

@Article{ChungYaoCovHeatKer,
  author = 	 {Fan Chung and S.-T. Yau},
  title = 	 {Coverings, Heat Kernels and Spanning Trees},
  journal = 	 {Electronic J. Combinatorics},
  year = 	 {1999},
  url =          {http://www.combinatorics.org},
  OPTkey = 	 {},
  volume = 	 {6},
  number = 	 {(1)R 12},
  OPTpages = 	 {},
  OPTmonth = 	 {},
  OPTnote = 	 {},
  OPTannote = 	 {}
}

@Book{someEEBooks,
  ALTauthor = 	 {},
  editor = 	 {Francisco V. Fernandez and 
                  Angel Rodriguez-Vazquez and
                   Jose L. Huertas and Georges Gielen},
  title = 	 {Symbolic Analysis Techniques: Applications to Analog
                                    Design Automation},
  publisher = 	 {IEEE Press and John Wiley \&
                                    Sons, Inc.},
  year = 	 {1998},
  OPTkey = 	 {},
  OPTvolume = 	 {},
  OPTnumber = 	 {},
  OPTseries = 	 {IEEE Press Series on Microelectronic Systems},
  OPTaddress = 	 {},
  OPTedition = 	 {},
  OPTmonth = 	 {},
  OPTnote = 	 {},
  OPTannote = 	 {}
}

@Book{GJ,
  author = 	 {Michael R. Garey and  David S. Johnson},
  ALTeditor = 	 {},
  title = 	 {Computers and intractability. A guide to the theory of
   NP-completeness},
  publisher = 	 {W. H. Freeman and Co.},
  year = 	 {1979},
  OPTkey = 	 {},
  OPTvolume = 	 {},
  OPTnumber = 	 {},
  OPTseries = 	 {},
  OPTaddress = 	 {},
  OPTedition = 	 {},
  OPTmonth = 	 {},
  OPTnote = 	 {},
  OPTannote = 	 {}
}

@Misc{sdcHolyoke,
  author = 	 {Seth Chaiken},
  title = 	 {Oriented Matroid Tutte Polynomials for 
                  Multidimensional Graph Resistance and Matrix Tree Theorems},
  howpublished = {invited paper at the AMS
                  Joint Summer Research Conference in the
                  Mathematical Sciences on Graph Coloring and Symmetry, 
                  Mt. Holyoke, S. Hadley, Mass.},
  month = 	 {July},
  year = 	 {2002},
  OPTnote = 	 {},
  OPTannote = 	 {}
}

@Article{Kirchhoff,
  author = 	 {G. Kirchhoff},
  title = 	 {\:{U}ber die Aufl\:{o}sung der Gleichungen, auf welshe man bei
                  der Untersuchung der linearen Verteilung galvanischer 
                  Str\:{o}me gefuhrt wird},
  journal = 	 {Ann. Physik Chemie},
  year = 	 {1847},
  OPTkey = 	 {},
  volume = 	 {72},
  OPTnumber = 	 {},
  pages = 	 {497--508},
  OPTmonth = 	 {},
  note = 	 {On the solution of the equations obtained from the
                  investigation of the linear distribution of Galvanic currents,
                  (J. B. O'Toole, tr.) \textit{IRE Trans. Circuit Theory}, 5,
                  1958, pp. 238--249.},
  OPTannote = 	 {}
}

@Article{DenhamCombLaplacian,
  author = 	 {Graham Denham},
  title = 	 {The Combinatorial Laplacian of the Tutte Complex},
  journal = 	 {J. Algebra},
  year = 	 {2001},
  OPTkey = 	 {},
  volume = 	 {242},
  OPTnumber = 	 {},
  pages = 	 {160--175},
  url =          {doi:10.1006/jabr.2001.8797},
  OPTmonth = 	 {},
  OPTnote = 	 {},
  OPTannote = 	 {}
}

@Article{RotaCayley,
  author = 	 {Marilena Barnabei and
                  Andrea Brini and
                  Gian-Carlo Rota},
  title = 	 {On the Exterior Calculus of Invariant Theory},
  journal = 	 {J. Algebra},
  year = 	 {1985},
  OPTkey = 	 {},
  volume = 	 {96},
  OPTnumber = 	 {},
  pages = 	 {120--160},
  OPTmonth = 	 {},
  OPTnote = 	 {},
  OPTannote = 	 {}
}




@InCollection{WhiteCayleyGeoAppl,
  author = 	 {Neil L. White},
  title = 	 {Geometric applications of the {G}rassmann-{C}ayley algebra},
  booktitle = 	 {Handbook of discrete and computational geometry},
  OPTcrossref =  {},
  OPTkey = 	 {},
  pages = 	 {881--892},
  publisher = {CRC Press},
  year = 	 {1997},
  OPTeditor = 	 {},
  OPTvolume = 	 {},
  OPTnumber = 	 {},
  series = 	 {Ser. Discrete Math. Appl.},
  OPTtype = 	 {},
  OPTchapter = 	 {},
  address = 	 {Boca Raton, FL},
  OPTedition = 	 {},
  OPTmonth = 	 {},
  OPTnote = 	 {},
  OPTannote = 	 {}
}



@InProceedings{WhiteCayleyTutorial,
  author = 	 {Neil L. White},
  title = 	 {A Tutorial on {G}rassmann-{C}ayley Algebra},
  booktitle = 	 {Invariant Methods in Discrete and Computational Geometry},
  OPTcrossref =  {},
  OPTkey = 	 {},
  pages = 	 {93--106},
  year = 	 {1995},
  editor = 	 {Neil L. White},
  OPTvolume = 	 {},
  OPTnumber = 	 {},
  OPTseries = 	 {},
  address = 	 {Dordrecht},
  OPTmonth = 	 {},
  OPTorganization = {},
  publisher = {Kluwer},
  OPTnote = 	 {},
  OPTannote = 	 {}
}




@article {ValiantNumPComplete,
    AUTHOR = {Valiant, Leslie G.},
     TITLE = {The complexity of enumeration and reliability problems},
   JOURNAL = {SIAM J. Comput.},
  FJOURNAL = {SIAM Journal on Computing},
    VOLUME = {8},
      YEAR = {1979},
    NUMBER = {3},
     PAGES = {410--421},
      ISSN = {0097-5397},
     CODEN = {SMJCAT},
   MRCLASS = {68C25},
  MRNUMBER = {MR539258 (80f:68055)},
}

@InProceedings{ValiantNonUnif,
  author = 	 {L. G. Valiant},
  title = 	 {Completeness Classes in Algebra},
  booktitle = 	 {Conf. Record 11th Ann. ACM Symp. Theory Computing},
  OPTcrossref =  {},
  OPTkey = 	 {},
  pages = 	 {249--261},
  year = 	 {1979},
  OPTeditor = 	 {},
  OPTvolume = 	 {},
  OPTnumber = 	 {},
  OPTseries = 	 {},
  OPTaddress = 	 {},
  OPTmonth = 	 {},
  OPTorganization = {},
  publisher = {ACM},
  OPTnote = 	 {},
  OPTannote = 	 {}
}

@Article{KocholTensionFlowPoly,
  author = 	 {Martin Kochol},
  title = 	 {Tension-flow Polynomials on Graphs},
  journal = 	 {Disc. Math.},
  year = 	 {2003},
  OPTkey = 	 {},
  volume = 	 {in press},
  url =          {http://www.sciencedirect.com},
  OPTnumber = 	 {},
  OPTpages = 	 {},
  OPTmonth = 	 {},
  OPTnote = 	 {},
  OPTannote = 	 {}
}

@Article{WelshKayibiLinking,
  author = 	 {D. J. A. Welsh and K. K. Kayibi},
  title = 	 {A Linking Polynomial of Two Matroids},
  journal = 	 {Advances in Appl. Math.},
  year = 	 {2004},
  OPTkey = 	 {},
  volume = 	 {32},
  OPTurl =          {http://www.mathematicsweb.org},
  number = 	 {1--2},
  pages = 	 {391--419},
  OPTmonth = 	 {},
  OPTnote = 	 {},
  annote = 	 {Jan 28, 2004, read before and lost copy}
}
@Article{EtienneLasVergnasMorphismVectorial,
  author = 	 {Gwihen Etienna and Michel Las Vergnas},
  title = 	 {The {T}utte Polynomial of a morphism
                  of Matroids {III}. Vectorial matroids},
  journal = 	 {Advances in Appl. Math.},
  year = 	 {2004},
  OPTkey = 	 {},
  volume = 	 {32},
  OPTurl =          {http://www.sciencedirect.com},
  number = 	 {1--2},
  pages = 	 {198--211},
  OPTmonth = 	 {},
  OPTnote = 	 {},
  annote = 	 {Jan 28, 2004}
}

@Article{BoninMierTutteGenParallelConn,
  author = 	 {Joseph Bonin and Anna de Mier},
  title = 	 {{T}utte Polynomials of Generalized Parallel Connections},
  journal = 	 {Advances in Appl. Math.},
  year = 	 {2004},
  OPTkey = 	 {},
  volume = 	 {32},
  OPTurl =          {http://www.mathematicsweb.org},
  number = 	 {1--2},
  pages = 	 {31--43},
  OPTmonth = 	 {},
  OPTnote = 	 {},
  annote = 	 {Jan 28, 2004}
}
@Article{MonaghanCircPartPolys,
  author = 	 {Joanna A. Ellis--Monaghan},
  title = 	 {Identities for Circuit Partition Polynomials, with Applications
                  to the {T}utte Polynomial},
  journal = 	 {Advances in Appl. Math.},
  year = 	 {2004},
  OPTkey = 	 {},
  volume = 	 {32},
  OPTurl =          {http://www.mathematicsweb.org},
  number = 	 {1--2},
  pages = 	 {188--197},
  OPTmonth = 	 {},
  OPTnote = 	 {},
  annote = 	 {Oct 28, 2003}
}

@Article{MonaghanGenTransPoly,
  author = 	 {Joanna A. Ellis--Monaghan and Irasema Sarmiento},
  title = 	 {Generalized transition polynomials},
  journal = 	 {Congressus Numerantium},
  year = 	 {2002},
  OPTkey = 	 {},
  volume = 	 {155},
  OPTnumber = 	 {},
  pages = 	 {57--69},
  OPTmonth = 	 {},
  OPTnote = 	 {},
  annote = 	 {Oct 28, 2003}
}
@Article{MonaghanTutteMartin,
  author = 	 {Joanna A. Ellis--Monaghan},
  title = 	 {Exploring the {T}utte--{M}artin Connection},
  journal = 	 {Discrete Math.},
  year = 	 {2003},
  OPTkey = 	 {},
  volume = 	 {},
  OPTnumber = 	 {},
  pages = 	 {},
  OPTmonth = 	 {},
  note = 	 {To appear},
  OPTannote = 	 {Jan 28, 2004}
}



@Article{DenhamCombLaplacianTutte,
  author = 	 {Graham Denham},
  title = 	 {The Combinatorial Laplacian of the {T}utte Complex},
  journal = 	 {J. Algebra},
  year = 	 {2001},
  OPTkey = 	 {},
  volume = 	 {242},
  OPTnumber = 	 {},
  pages = 	 {160--175},
  url   =        {http://www.idealibrary.com/doi:10.1006/jabr.2001.8797},
  OPTmonth = 	 {},
  OPTnote = 	 {},
  OPTannote = 	 {}
}

@Article{AnnanTutteCoeffComplexity,
  author = 	 {J. D. Annan},
  title = 	 {The Complexities of the 
                  Coefficients of the {T}utte Polynomial},
  journal = 	 {Disc. Appl. Math.},
  year = 	 {1995},
  OPTkey = 	 {},
  volume = 	 {57},
  OPTnumber = 	 {},
  pages = 	 {93--103},
  OPTmonth = 	 {},
  OPTnote = 	 {},
  OPTannote = 	 {}
}

@Book{DoyleSnellRandom,
  author = 	 {Peter G. Doyle and J. Laurie Snell},
  ALTeditor = 	 {},
  title = 	 {Random Walks and Electrical Networks},
  publisher = 	 {Math. Assoc. America},
  year = 	 {1984},
  OPTkey = 	 {},
  OPTvolume = 	 {},
  number = 	 {22},
  series = 	 {Carus Monographs},
  OPTaddress = 	 {},
  OPTedition = 	 {},
  OPTmonth = 	 {},
  OPTnote = 	 {},
  OPTannote = 	 {}
}





@Book{GrossTuckerTopolGraphTheory,
  author = 	 {Jonathan Gross and Thomas W. Tucker},
  ALTeditor = 	 {},
  title = 	 {Topological Graph Theory},
  publisher = 	 {Wiley},
  year = 	 {1987},
  OPTkey = 	 {},
  OPTvolume = 	 {},
  OPTnumber = 	 {},
  OPTseries = 	 {},
  OPTaddress = 	 {},
  OPTedition = 	 {},
  OPTmonth = 	 {},
  OPTnote = 	 {},
  OPTannote = 	 {}
}




@Book{GodsilRoyleAlgGraphTheory,
  author = 	 {Chris Godsil and Gordon Royle},
  ALTeditor = 	 {},
  title = 	 {Algebraic Graph Theory},
  publisher = 	 {Springer},
  year = 	 {2001},
  OPTkey = 	 {},
  volume = 	 {207},
  OPTnumber = 	 {},
  series = 	 {Graduate Texts in Math.},
  OPTaddress = 	 {},
  OPTedition = 	 {},
  OPTmonth = 	 {},
  OPTnote = 	 {},
  OPTannote = 	 {}
}



@Article{Choe,
  author = 	 {Young-Bin Choe, James G. Oxley, Alan D. Sokal and
                  David G. Wagner},
  title = 	 {Homogeneous multivariate polynomials with the half-plane
                  property},
  journal = 	 {Adv. Appl. Math.},
  year = 	 {2004},
  OPTkey = 	 {},
  volume = 	 {32},
  OPTnumber = 	 {},
  pages = 	 {88--187},
  OPTmonth = 	 {},
  OPTnote = 	 {},
  OPTannote = 	 {}
}

@TechReport{Sokal,
  author = 	 {Alan D. Sokal},
  title = 	 {The multivariate {T}utte polynomial (alias {P}otts model)
                  for graphs and matroids},
  institution =  {arXiv:CO/0503607v1},
  year = 	 {2005},
  OPTkey = 	 {},
  OPTtype = 	 {},
  OPTnumber = 	 {},
  OPTaddress = 	 {},
  month = 	 {March 25},
  OPTnote = 	 {},
  OPTannote = 	 {}
}

@Article{Ellis-Monaghan-Traldi,
  author = 	 {J. A. Ellis-Monaghan and Lorenzo Traldi},
  title = 	 {Parametrized {T}utte polynomials of graphs and matroids},
  journal = 	 {Combinatorics, Probability and Computing},
  year = 	 {to appear},
  OPTkey = 	 {},
  OPTvolume = 	 {},
  OPTnumber = 	 {},
  OPTpages = 	 {???},
  OPTmonth = 	 {},
  OPTnote = 	 {Preprint from \verb|http://ww2.lafayette.edu/~traldi| dated Nov. 10, 2004},
  OPTannote = 	 {}
}

@Article{GordonTraldiGenAct,
  author = 	 {Gary Gordon and Lorenzo Traldi},
  title = 	 {Generalized Activities and the {T}utte Polynomial},
  journal = 	 {Discrete Math.},
  year = 	 {1990},
  OPTkey = 	 {},
  volume = 	 {85},
  number = 	 {2},
  pages = 	 {167--176},
  url =          {http://dx.doi.org/10.1016/0012-365X(90)90019-E},
  month = 	 {Nov.},
  OPTnote = 	 {},
  OPTannote = 	 {}
}





@Article{GordonMcMachonGreedoid,
  author = 	 {Gary Gordon and Elizabeth McMahon},
  title = 	 {Interval Partitions and Activities
                  for  the Greedoid {T}utte Polynomial},
  journal = 	 {Adv. Appl. Math.},
  year = 	 {1997},
  OPTkey = 	 {},
  volume = 	 {18},
  number = 	 {1},
  pages = 	 {33-49},
  month = 	 {Jan.},
  OPTnote = 	 {},
  url =          {http://dx.doi.org/10.1006/aama.1996.0495},
  annote = 	 {Explains the computation tree}
}






@Misc{MakowskyColorTutteKauffman,
  OPTkey = 	 {},
  author = 	 {Johann A. Makowsky},
  title = 	 {Colored {T}utte Polynomials and Kauffman Brackets for 
                  Graphs of Bounded Tree Width},
  howpublished = {Elsevier Preprint},
  month = 	 {February},
  year = 	 {2003},
  note = 	 {Appears in SODA 2001},
  OPTannote = 	 {}
}

@Article{MakowskyLotzComplexity,
  OPTkey = 	 {},
  author = 	 {Martin Lotz and Johann A. Makowsky},
  title = 	 {On the Algebraic Complexity of Some Families 
                  of Colored {T}utte Polynomials},
  journal = 	 {Adv. Appl. Math.},
  month = 	 {February},
  volume =       {32},
  year = 	 {2004},
  pages =        {327--349},
  OPTnote = 	 {},
  OPTannote = 	 {}
}


@Article{MakowskyMerinoKnot,
  author = 	 {Johann A. Makowsky and J. P. Merino},
  title = 	 {The Parametrized Complexity of Knot Polynomials},
  journal = 	 {J. Comp. System Sci.},
  year = 	 {2003},
  OPTvolume = 	 {},
  number = 	 {67},
  pages = 	 {742--756},
  OPTmonth = 	 {},
  OPTnote = 	 {},
  OPTannote = 	 {}
}
%  journal = 	 {Preprint from Technion},
%  year = 	 {2002},
%  url =          {http://www.cs.technion.ac.il},

@Article{FormanDetLaplacianGraphs,
  author = 	 {Robin Forman},
  title = 	 {Determinants of Laplacians on Graphs},
  journal = 	 {Topology},
  year = 	 {1993},
  OPTkey = 	 {},
  volume = 	 {32},
  number = 	 {1},
  pages = 	 {35--46},
  OPTmonth = 	 {},
  OPTnote = 	 {},
  OPTannote = 	 {}
}





@InCollection{SmithElec,
  author = 	 {C. A. B. Smith},
  title = 	 {Electric Currents in Regular Matroids},
  booktitle = 	 {Combinatorics},
  OPTcrossref =  {},
  OPTkey = 	 {},
  pages = 	 {262--284},
  publisher = {Institute of Math. and its Appl., Southend-on-Sea},
  year = 	 {1972},
  editor = 	 {D. J. A. Welsh and D. R. Woodall},
  OPTvolume = 	 {},
  OPTnumber = 	 {},
  OPTseries = 	 {},
  OPTtype = 	 {},
  OPTchapter = 	 {},
  OPTaddress = 	 {},
  OPTedition = 	 {},
  OPTmonth = 	 {},
  OPTnote = 	 {},
  OPTannote = 	 {}
}

@Article{SmithPatroids,
  author = 	 {C. A. B. Smith},
  title = 	 {Patroids},
  journal = 	 {J. Comb. Theory ser. B},
  year = 	 {1974},
  OPTkey = 	 {},
  volume = 	 {16},
  OPTnumber = 	 {},
  pages = 	 {64--76},
  OPTmonth = 	 {},
  OPTnote = 	 {},
  OPTannote = 	 {}
}

@BOOK{BachemKern,
   AUTHOR = "A. Bachem and W. Kern",
   TITLE = "Linear Programming Duality, An Introduction to Oriented Matroids",
   PUBLISHER = "Springer-Verlag",
   ADDRESS = "Berlin",
   YEAR = "1992"
}


@Book{OMBOOK,
  author = 	 {A. Bj\"{o}rner and Michel Las Vergnas 
                 and B. Sturmfels and N. White and G. Ziegler},
  ALTeditor = 	 {},
  title = 	 {Oriented Matroids},
  publisher = 	 {Cambridge Univ. Press},
  year = 	 {1999},
  OPTkey = 	 {},
  volume = 	 {46},
  OPTnumber = 	 {},
  series = 	 {Encyc. Math. and its Appl.},
  address = 	 {Cambridge},
  edition = 	 {2nd},
  OPTmonth = 	 {},
  OPTnote = 	 {},
  OPTannote = 	 {}
}

@BOOK{HaslerNeirynck,
AUTHOR = "M. Hasler and J. Neirynck",
TITLE = "Nonlinear Circuits",
PUBLISHER = "Artech House",
ADDRESS = "Norwood, Mass.",
YEAR = "1986"}

@BOOK{Fosseprez,
AUTHOR = "M. Foss\'{e}prez",
TITLE = "Non-linear Circuits, Qualitative Analysis of Non-linear, 
Non-reciprocal Circuits",
PUBLISHER = "John Wiley",
YEAR = "1992"}





@Article{LovaszEnergy,
  author = 	 {Laszlo Lovasz},
  title = 	 {Energy of Convex Sets, Shortest Paths, and Resistance},
  journal = 	 {J. Comb. Theory Ser. A},
  year = 	 {2001},
  OPTkey = 	 {},
  volume = 	 {94},
  OPTnumber = 	 {},
  pages = 	 {363--382},
  OPTmonth = 	 {},
  OPTnote = 	 {},
  OPTannote = 	 {}
}

@Article{sdcELEW,
  author = 	 {Seth Chaiken},
  title = 	 {Extremal Length and Width of Blocking Polyhedra,
                  {K}irchhoff Spaces and Multiport Networks},
  journal = 	 {SIAM J. Alg. Disc. Meth.},
  year = 	 {1987},
  OPTkey = 	 {},
  volume = 	 {8},
  number = 	 {4},
  pages = 	 {635--645},
  OPTmonth = 	 {},
  OPTnote = 	 {},
  OPTannote = 	 {}
}

@Article{sdcBDIMatroid,
  author = 	 {Seth Chaiken},
  title = 	 {A matroid abstraction of the {B}ott-{Duffin}
                  constrained inverse},
  journal = 	 {SIAM J. Alg. Disc. Meth.},
  year = 	 {1983},
  OPTkey = 	 {},
  volume = 	 {4},
  pages = 	 {467--475},
  OPTmonth = 	 {},
  OPTnote = 	 {},
  OPTannote = 	 {}
}






@Article{sdcMTT,
  author = 	 {Seth Chaiken},
  title = 	 {A Combinatorial Proof of the All Minors Matrix Tree Theorem},
  journal = 	 {SIAM J. Alg. Disc. Meth.},
  year = 	 {1982},
  OPTkey = 	 {},
  volume = 	 {3},
  OPTnumber = 	 {},
  pages = 	 {319--329},
  OPTmonth = 	 {},
  OPTnote = 	 {},
  OPTannote = 	 {}
}

@INPROCEEDINGS{sdcOMP,
AUTHOR = "Seth Chaiken",
TITLE = "Oriented Matroid Pairs, Theory and an Electric Application",
SERIES = "Contemporary Math.",
BOOKTITLE = "Matroid Theory, AMS-IMS-SIAM Joint Summer Research Conference",
EDITOR = "J. E. Bonin and  J. G. Oxley and B. Servatius",
VOLUME = 197,
YEAR = 1996,
ORGANIZATION = "American Math. Society",
PAGES = "313--331"}





@InProceedings{sdcISCAS95,
  author = 	 {Seth Chaiken and P. Narendran},
  title = 	 {The All-Minors {VCCS} Matrix Tree Theorem, 
                  Half-resistors and Applications in Symbolic 
                  Simulation},
  booktitle = 	 {IEEE Int. Conf. Circ. Syst.},
  OPTcrossref =  {},
  OPTkey = 	 {},
  OPTpages = 	 {},
  year = 	 {1995},
  OPTeditor = 	 {},
  OPTvolume = 	 {},
  OPTnumber = 	 {},
  OPTseries = 	 {},
  OPTaddress = 	 {},
  OPTmonth = 	 {},
  organization = {IEEE},
  OPTpublisher = {},
  OPTnote = 	 {},
  OPTannote = 	 {}
}


@InProceedings{sdcISCAS98,
  author = 	 {Seth Chaiken},
  title = 	 {Hybrid matrix minors from tableau applied to a multiport
                  generalization of {NDR} related to stability},
  booktitle = 	 {IEEE Int. Conf. Circ. Syst.},
  OPTcrossref =  {},
  OPTkey = 	 {},
  OPTpages = 	 {},
  year = 	 {1998},
  OPTeditor = 	 {},
  OPTvolume = 	 {},
  OPTnumber = 	 {},
  OPTseries = 	 {},
  OPTaddress = 	 {},
  OPTmonth = 	 {},
  OPTorganization = {},
  OPTpublisher = {},
  OPTnote = 	 {},
  OPTannote = 	 {}
}



@Article{GreenWillNDR,
  author = 	 {M. M. Green and A. N. {Willson, Jr.}},
  title = 	 {On the relationship between negative differential
                  resistance and stability for nonlinear one-ports},
  journal = 	 {IEEE Trans. Circuits Syst. I},
  year = 	 {1996},
  OPTkey = 	 {},
  volume = 	 {43},
  OPTnumber = 	 {},
  pages = 	 {407--410},
  OPTmonth = 	 {May},
  OPTnote = 	 {},
  OPTannote = 	 {}
}

@BOOK{RigidityBook,
AUTHOR = "J. Graver and B. Servatius and H. Servatius",
TITLE = "Combinatorial Rigidity",
SERIES = "Graduate Studies in Math.",
VOLUME = 2,
PUBLISHER = "Amer. Math. Soc.",
YEAR = 1993}

@ARTICLE{SWExistancePf,
AUTHOR = "I. W. Sandberg and A. N. {Willson, Jr.}",
TITLE = "Some theorems on properties of
dc equations of non-linear networks",
JOURNAL = "Bell Syst. Tech. J.",
VOLUME = 48,
PAGES =  "1--34",
YEAR = 1969}


@Article{SWExistanceSIAM,
  author = 	 "I. W. Sandberg and A. N. {Willson, Jr.}",
  title = 	 {Existence and uniqueness of solutions for the equations
                  of nonlinear {DC} networks},
  journal = 	 {SIAM J. Appl. Math.},
  year = 	 {1972},
  OPTkey = 	 {},
  volume = 	 {22},
  OPTnumber = 	 {2},
  pages = 	 {173--186},
  OPTmonth = 	 {},
  note = 	 {(uses implicit function theorem approach)},
  OPTannote = 	 {}
}

@ARTICLE{W0APPLpaper,
AUTHOR = "A. N. {Willson, Jr.}", 
TITLE = "New theorems on the equations of nonlinear dc
transistor networks", 
JOURNAL = "Bell Syst. Tech. J.",
VOLUME = 49,
PAGES = "1713--1738",
YEAR = 1970}


@Article{HaslerDApplMath,
  author = 	 {M. Hasler and C. Marthy and A. Oberlin and D. de Werra},
  title = 	 {A discrete model for studying existence and uniqueness 
of solutions in nonlinear resistive circuits},
  journal = 	 {Disc. Appl. Math.},
  year = 	 {1994},
  OPTkey = 	 {},
  volume = 	 {50},
  OPTnumber = 	 {},
  pages = 	 {169--184},
  OPTmonth = 	 {},
  OPTnote = 	 {Stuff to see what OPTnote does},
  OPTannote = 	 {stuff to see what OPTannote does}
}

@Article{WyattTele,
  author = 	 {J. L. {Wyatt, Jr.} and G. Papadopoulos},
  title = 	 {{K}irchhoff's laws and {T}ellegen's theorem for 
networks and continuous media},
  journal = 	 {IEEE Trans. Circuits and Syst.},
  year = 	 {1984},
  OPTkey = 	 {},
  volume = 	 {CAS--31},
  number = 	 {7},
  pages = 	 {657--661},
  month = 	 {July},
  OPTnote = 	 {},
  OPTannote = 	 {}
}

@Article{VandewalleChua,
  author = 	 {J. Vandewalle and L. O. Chua},
  title = 	 {The Colored Branch Theorem and its Applications 
                  in Circuit Theory},
  journal = 	 {IEEE Trans. Circuits Syst.},
  year = 	 {1980},
  OPTkey = 	 {},
  volume = 	 {CAS--27},
  number = 	 {9},
  pages = 	 {816--825},
  OPTmonth = 	 {},
  OPTnote = 	 {},
  OPTannote = 	 {}
}

@Article{sdcPorted,
  author = 	 {Seth Chaiken},
  title = 	 {The  {T}utte polynomial of a {$P$}-ported matroid},
  journal = 	 {J. Combin. Theory Ser. B},
  year = 	 {1989},
  OPTkey = 	 {},
  volume = 	 {46},
  OPTnumber = 	 {},
  pages = 	 {96--117},
  OPTmonth = 	 {},
  OPTnote = 	 {},
  OPTannote = 	 {}
}




@InProceedings{TraWilBilinear,
  author = 	 {L. Trajkovi\'{c} and A. N. {Willson, Jr.}},
  title = 	 {Computer--Aided Generation of Circuit Matrices},
  booktitle = 	 {Proc. Modeling and Simulation Conf.},
  OPTcrossref =  {},
  OPTkey = 	 {},
  pages = 	 {987--992},
  year = 	 {1986},
  OPTeditor = 	 {},
  OPTvolume = 	 {},
  OPTnumber = 	 {},
  OPTseries = 	 {},
  address = 	 {Univ. of Pittsburgh, PA},
  OPTmonth = 	 {},
  OPTorganization = {},
  OPTpublisher = {},
  OPTnote = 	 {},
  OPTannote = 	 {}
}

@Article{TrajWillNDR,
  author = 	 {L. Trajkovi\`{c} and A. N. {Willson, Jr.}},
  title = 	 {Complementary two-transistor circuits and negative 
differential resistance},
  journal = 	 {IEEE Trans. Circ. Syst.},
  year = 	 {1990},
  OPTkey = 	 {},
  volume = 	 {CAS--37},
  OPTnumber = 	 {},
  pages = 	 {1258--1266},
  OPTmonth = 	 {},
  OPTnote = 	 {},
  OPTannote = 	 {}
}

@Article{NishiChuaCactus,
  author = 	 {T. Nishi and L. O. Chua},
  title = 	 {Topological criteria for nonlinear resistive circuits
                  with controlled sources to have a unique solution},
  journal = 	 {IEEE Trans. Circ. Syst.},
  year = 	 {1984},
  OPTkey = 	 {},
  volume = 	 {CAS--31},
  OPTnumber = 	 {},
  pages = 	 {722--741},
  OPTmonth = 	 {},
  OPTnote = 	 {},
  OPTannote = 	 {}
}

@Article{NishiChuaCCCS,
  author = 	 {T. Nishi and L. O. Chua},
  title = 	 {Uniqueness of solution for nonlinear resistive circuits
                  containing {CCCS}'s or {VCVS}'s whose controlling coefficients
                  are finite},
  journal = 	 {IEEE Trans. Circ. Syst.},
  year = 	 {1986},
  OPTkey = 	 {},
  volume = 	 {CAS--33},
  OPTnumber = 	 {4},
  pages = 	 {381--397},
  OPTmonth = 	 {},
  OPTnote = 	 {},
  OPTannote = 	 {}
}

@Article{NishiChuaTransFB,
  author = 	 {T. Nishi and L. O. Chua},
  title = 	 {Topological Proof of the {N}ielsen-{W}illson Theorem},
  journal = 	 {IEEE Trans. Circ. Syst.},
  year = 	 {1986},
  OPTkey = 	 {},
  volume = 	 {CAS--33},
  OPTnumber = 	 {},
  pages = 	 {398--405},
  OPTmonth = 	 {},
  OPTnote = 	 {},
  OPTannote = 	 {}
}

@Article{FiedlerPtak,
  author = 	 {M. Fiedler and V. Ptak},
  title = 	 {Some generalizations of positive definiteness
                  and monotonicity},
  journal = 	 {Numer. Math.},
  year = 	 {1966},
  OPTkey = 	 {},
  volume = 	 {9},
  OPTnumber = 	 {},
  pages = 	 {163--172},
  OPTmonth = 	 {},
  OPTnote = 	 {},
  OPTannote = 	 {}
}


@Article{NielWillpaper,
  author = 	 {R. O. Nielsen and A. N. {Willson, Jr.} },
  title = 	 {A fundamental result concerning the 
                  topology of transistor circuits with
                  multiple operating equilibria},
  journal = 	 {Proc. IEEE},
  year = 	 {1980},
  OPTkey = 	 {},
  volume = 	 {68},
  OPTnumber = 	 {},
  pages = 	 {196--208},
  OPTmonth = 	 {},
  OPTnote = 	 {},
  OPTannote = 	 {}
}

@Book{Welsh,
  author = 	 {D. J. A. Welsh},
  ALTeditor = 	 {},
  title = 	 {Matroid Theory},
  publisher = 	 {Addison-Wesley},
  year = 	 {1976},
  OPTkey = 	 {},
  OPTvolume = 	 {},
  OPTnumber = 	 {},
  OPTseries = 	 {},
  OPTaddress = 	 {},
  OPTedition = 	 {},
  OPTmonth = 	 {},
  OPTnote = 	 {},
  OPTannote = 	 {}
}




@Book{ChensBook,
  author = 	 {W. K. Chen},
  ALTeditor = 	 {},
  title = 	 {Applied Graph Theory, Graphs and Electrical Networks},
  publisher = 	 {North-Holland},
  year = 	 {1976},
  OPTkey = 	 {},
  OPTvolume = 	 {},
  OPTnumber = 	 {},
  OPTseries = 	 {},
  address = 	 {Amsterdam},
  edition = 	 {2nd},
  OPTmonth = 	 {},
  OPTnote = 	 {},
  OPTannote = 	 {}
}

@Book{Recski,
  author = 	 {A. Recski},
  ALTeditor = 	 {},
  title = 	 {Matroid Theory and its Applications in Electric 
                  Network Theory and in Statics},
  publisher = 	 {Springer-Verlag},
  year = 	 {1989},
  OPTkey = 	 {},
  OPTvolume = 	 {},
  OPTnumber = 	 {},
  OPTseries = 	 {},
  OPTaddress = 	 {},
  OPTedition = 	 {},
  OPTmonth = 	 {},
  OPTnote = 	 {},
  OPTannote = 	 {}
}


@Book{Murota,
  author = 	 {K. Murota},
  ALTeditor = 	 {},
  title = 	 {Matrices and matroids for systems analysis},
  publisher = 	 {Springer},
  year = 	 {2000},
  OPTkey = 	 {},
  OPTvolume = 	 {},
  OPTnumber = 	 {},
  OPTseries = 	 {},
  OPTaddress = 	 {},
  OPTedition = 	 {},
  OPTmonth = 	 {},
  OPTnote = 	 {},
  OPTannote = 	 {}
}


@Article{HaslerWangMonoDep,
  author = 	 {M. Hasler and C. Wang},
  title = 	 {Monotonic dependence on sources in nonlinear resistive
                  circuits},
  journal = 	 {Int. J. Electronics and Comm.},
  year = 	 {1992},
  OPTkey = 	 {},
  volume = 	 {46},
  OPTnumber = 	 {4},
  pages = 	 {242--249},
  OPTmonth = 	 {},
  OPTnote = 	 {},
  annote = 	 {Has predicatable sign of dependence on source value iff
                  source and element value have the same relative orientation
                  in all common covectors.  Uses idea that any derivatives
                  of currents and voltages satisfy Kirch. laws.
                  Similar to "Monotonicity is nonlinear resistive circuits"
                  by Chauffoureaux and Hasler, 1990 ISCAS.}
}

@InProceedings{ChauffHaslerMonoDep,
  author = 	 {P. Chauffoureaux and M. Hasler},
  title = 	 {Monotonicity is nonlinear resistive circuits},
  booktitle = 	 {IEEE Int. Conf. Circ. Syst.},
  OPTcrossref =  {},
  OPTkey = 	 {},
  pages = 	 {395--398},
  year = 	 {1990},
  OPTeditor = 	 {},
  OPTvolume = 	 {},
  OPTnumber = 	 {},
  OPTseries = 	 {},
  OPTaddress = 	 {},
  OPTmonth = 	 {},
  OPTorganization = {},
  OPTpublisher = {},
  OPTnote = 	 {},
  OPTannote = 	 {}
}

@Article{WillsonNoGain,
  author = 	 {A. N. {Willson, Jr.}},
  title = 	 {The no-gain property for networks containing three-terminal
                  elements},
  journal = 	 {IEEE Trans. Circuits Syst.},
  year = 	 {1975},
  OPTkey = 	 {},
  volume = 	 {CAS--22},
  number = 	 {8},
  pages = 	 {678--687},
  month = 	 {August},
  OPTnote = 	 {},
  annote = 	 {Referred from \cite{TrajWillNDR}. Has cool diagrams of
                  regions.}
}



@Article{EvenCircSol:RobSeyTho,
  author = 	 {N.\ Robertson and P.\ D.\ Seymour and R.\ Thomas},
  title = 	 {Permanents, 
Pfaffian orientations, and even directed circuits},
  journal = 	 {Ann. Math.},
  year = 	 {1999},
  OPTkey = 	 {},
  volume = 	 {150},
  OPTnumber = 	 {},
  pages = 	 {929--975},
  OPTmonth = 	 {},
  OPTnote = 	 {},
  OPTannote = 	 {}
}




@misc{ thomas-recent,
  author = "Robin Thomas",
  title = "Recent Excluded Minor Theorems",
  url = "citeseer.nj.nec.com/59652.html" }



@misc{ mccuaig-permanents,
  author = "McCuaig and Robertson and Seymour and Thomas",
  title = "Permanents, Pfaffian Orientations, And Even Directed Circuits (Extended
    Abstract)",
  url = "citeseer.nj.nec.com/mccuaig97permanent.html" }




@inproceedings{ thomas99graph,
    author = "Robin Thomas",
    title = "Graph Planarity and Related Topics",
    booktitle = "Graph Drawing",
    pages = "137-144",
    year = "1999",
    url = "citeseer.nj.nec.com/262937.html" }



@misc{ lim-new,
  author = "Chjan C. Lim and Gregory K. Van Patten",
  title = "New Proofs of the Uniqueness of Extremal Noneven Digraphs",
  url = "citeseer.nj.nec.com/lim97new.html",
  note = "Appearing Bull. Malaysian Math. Soc., 2001. "
 }



@InBook{thomas-recent-book,
  author = 	 {R.\ Thomas},
  editor = 	 {J. D. Lamb and D. A. Preece},
  title = 	 {Surveys in Combinatorics},
  chapter = 	 {Recent excluded minor theorems},
  publisher = 	 {Cambridge Univ. Press},
  year = 	 {1999},
  OPTkey = 	 {},
  OPTvolume = 	 {},
  OPTnumber = 	 {},
  OPTseries = 	 {},
  OPTtype = 	 {},
  address = 	 {Cambridge},
  OPTedition = 	 {},
  OPTmonth = 	 {},
  OPTpages = 	 {},
  OPTnote = 	 {},
  OPTannote = 	 {}
}


@Article{DesoerWu,
  author = 	 {C. A. Desoer and F. F. Wu},
  title = 	 {Nonlinear Monotone Networks},
  journal = 	 {SIAM J. Appl. Math.},
  year = 	 {1974},
  OPTkey = 	 {},
  volume = 	 {26},
  OPTnumber = 	 {2},
  pages = 	 {315--333},
  OPTmonth = 	 {},
  OPTnote = 	 {},
  OPTannote = 	 {}
}






@Article{RockafellarConvProg,
  author = 	 {R. T. Rockafellar},
  title = 	 {Convex Programming and Systems of elementary
                  monotone relations},
  journal = 	 {J. Math. Anal. Appl.},
  year = 	 {1967},
  OPTkey = 	 {},
  volume = 	 {19},
  OPTnumber = 	 {},
  pages = 	 {543-564},
  OPTmonth = 	 {},
  OPTnote = 	 {},
  OPTannote = 	 {}
}






@misc{ ziegler-oriented,
  author = "G\:{u}nter M. Ziegler",
  title = "Oriented Matroids Today",
  url = "citeseer.nj.nec.com/article/ziegler98oriented.html" }


@misc{ finschi-generation,
  author = "L. Finschi and K. Fukuda",
  title = "Generation of oriented matroids --- a graph theoretical approach",
  text = "L. Finschi and K. Fukuda. Generation of oriented matroids --- a graph theoretical
    approach. To appear in Discrete Comput. Geom.",
  url = "citeseer.nj.nec.com/finschi00generation.html" }

@Article{BlandLP,
  author = 	 {R. G. Bland},
  title = 	 {A combinatorial abstraction of linear programming},
  journal = 	 {J. Combin. Theory, Ser. B},
  year = 	 {1977},
  OPTkey = 	 {},
  volume = 	 {23},
  OPTnumber = 	 {},
  pages = 	 {33-57},
  OPTmonth = 	 {},
  OPTnote = 	 {},
  OPTannote = 	 {}
}

@Article{ratcomplaa, 
author = {W.P.M.H. Heemels and J.M. Schumacher
  and S. Weiland}, 
title = {The rational complementarity problem},
journal = {Linear Algebra and its Applications}, 
year = {1999},
OPTkey = {}, 
volume = {294}, 
OPTnumber = {}, 
pages = {93--135},
OPTmonth = {}, 
OPTnote = {Problem of ``complementarity conditions
  are imposed on input and output variables of linear dynamical
  input/state/output systems ...  Using these results and proving that
  the corresponding LCPs have certain properties, we can show
  uniqueness and existence of solutions to linear me- chanical systems
  with unilateral constraints, electrical networks with diodes, and
  linear dynamical systems subject to relays and/or Coulomb friction.
  ''}, 
OPTannote = {} 
}

@Article{pwlinlaa,
  author = 	 {M.K. Camlibel and J.M. Schumacher},
  title = 	 {Existence and uniqueness of solutions for a class of 
                  piecewise linear dynamical systems},
  journal = 	 {Linear Algebra and its Applications},
  year = 	 {2002},
  OPTkey = 	 {},
  volume = 	 {xx},
  OPTnumber = 	 {},
  pages = 	 {in press},
  OPTmonth = 	 {},
  OPTnote = 	 { ``We consider the class of dynamical systems that 
                  arises when inputs and outputs of a linear 
                  system are connected pairwise by means 
                  of piecewise linear algebraic relations.''},
  OPTannote = 	 {}
}

@TechReport{LinCompOM,
  author = 	 {K. Fukuda and T. Terlaky},
  title = 	 {Linear complementarity and oriented matroids},
  institution =  {Grad. Sch. Sys. Manag., U. Tshukba, Japan},
  year = 	 {1990},
  OPTkey = 	 {},
  OPTtype = 	 {},
  OPTnumber = 	 {},
  OPTaddress = 	 {},
  OPTmonth = 	 {},
  OPTnote = 	 {},
  OPTannote = 	 {}
}


@Article{SandGlobInv,
  author = 	 {Irwin W. Sandberg},
  title = 	 {Necessary and sufficient conditions for the global
                  invertibility of certain nonlinear operators that arise
                  in the analysis of networks},
  journal = 	 {IEEE Trans. Circ. Systems},
  year = 	 {1971},
  OPTkey = 	 {},
  volume = 	 {CT-18},
  number = 	 {2},
  OPTpages = 	 {260--263},
  OPTmonth = 	 {},
  OPTnote = 	 {},
  OPTannote = 	 {}
}


@Article{genP0andP,
  author = 	 {R. Sznajder and M. S. Gowda},
  title = 	 {Generalizations of $P_0$ and $P$-properties; extended
                  vertical and horizontal linear complementarity problems},
  journal = 	 {Lin. Alg. Appl.},
  year = 	 {1995},
  OPTkey = 	 {},
  volume = 	 {223/224},
  OPTnumber = 	 {},
  OPTpages = 	 {695--715},
  month = 	 {},
  note = 	 {$W_0$ pair $(A,B)$ $\det (AD+B)\neq 0$ generalized to
                  $(M_0,\ldots,M_k)$ with $\det (M_0D_0+\cdots+M_kD_k)\neq 0$
                  for pos. diagonal $D$s},
  OPTannote = 	 {}
}

@Article{DesoerWuRLCTrajectories,
  author = 	 {C. A. Desoer and F. F. Wu},
  title = 	 {Trajectories of nonlinear {RLC} networks: a geometric
                  approach},
  journal = 	 {IEEE Trans. Circ. Systems},
  year = 	 {1972},
  OPTkey = 	 {},
  volume = 	 {CT-19},
  number = 	 {6},
  pages = 	 {562--571},
  OPTmonth = 	 {},
  note = 	 {References Smale's paper},
  OPTannote = 	 {}
}

@Article{GlobInvFun,
  author = 	 {F. F. Wu and C. A. Desoer},
  title = 	 {Global inverse function theorem},
  journal = 	 {IEEE Trans. Circ. Systems},
  year = 	 {1972},
  OPTkey = 	 {},
  volume = 	 {CT-19},
  OPTnumber = 	 {},
  pages = 	 {199--201},
  OPTmonth = 	 {},
  note = 	 {Self-contained pf. of Palais' theorem},
  OPTannote = 	 {}
}

@Book{LinCompBook,
  author = 	 {R. W. Cottle and J.-S. Pang and R. E. Stone},
  ALTeditor = 	 {},
  title = 	 {The Linear Complementarity Problem},
  publisher = 	 {Academic Press},
  year = 	 {1992},
  OPTkey = 	 {},
  OPTvolume = 	 {},
  OPTnumber = 	 {},
  OPTseries = 	 {},
  OPTaddress = 	 {},
  OPTedition = 	 {},
  OPTmonth = 	 {},
  OPTnote = 	 {},
  OPTannote = 	 {}
}



@InProceedings{BariChromatic,
  author = 	 {Ruth A. Bari},
  title = 	 {Chromatic Polynomials and the Internal and External
                  Activities of {T}utte},
  booktitle = 	 {Graph Theory and Related Topics (Proc. Int. Conf.
                  Graph Theory Comb., U. Waterloo, 1977},
  OPTcrossref =  {},
  OPTkey = 	 {},
  pages = 	 {41--52},
  year = 	 {1979},
  editor = 	 {A. Bondy and U. S. R. Murty},
  OPTvolume = 	 {},
  OPTnumber = 	 {},
  OPTseries = 	 {},
  OPTaddress = 	 {},
  OPTmonth = 	 {},
  OPTorganization = {},
  publisher = {Academic Press},
  OPTnote = 	 {},
  OPTannote = 	 {}
}




@Article{TutteDich,
  author = 	 {W. T. Tutte},
  title = 	 {A contribution to the theory of dichromatic polynomials},
  journal = 	 {Canad. J. Math.},
  year = 	 {1954},
  OPTkey = 	 {},
  volume = 	 {6},
  OPTnumber = 	 {},
  pages = 	 {80--91},
  OPTmonth = 	 {},
  OPTnote = 	 {},
  OPTannote = 	 {}
}


@Article{TutteRing,
  author = 	 {W. T. Tutte},
  title = 	 {A ring in graph theory},
  journal = 	 {Proc. Cambridge Philos. Soc.},
  year = 	 {1947},
  OPTkey = 	 {},
  volume = 	 {43},
  OPTnumber = 	 {},
  pages = 	 {26--40},
  OPTmonth = 	 {},
  OPTnote = 	 {},
  OPTannote = 	 {}
}





@Article{CrapoAct,
  author = 	 {Henry H. Crapo},
  title = 	 {{M}obius inversion in lattices},
  journal = 	 {Arch. Math. (Basel)},
  year = 	 {1968},
  OPTkey = 	 {},
  volume = 	 {19},
  OPTnumber = 	 {},
  pages = 	 {565--607},
  OPTmonth = 	 {},
  OPTnote = 	 {},
  OPTannote = 	 {}
}

@Article{CrapoTuttePoly,
  author = 	 {Henry H. Crapo},
  title = 	 {The {T}utte Polynomial},
  journal = 	 {Aequationes Math.},
  year = 	 {1969},
  OPTkey = 	 {},
  volume = 	 {3},
  OPTnumber = 	 {},
  pages = 	 {211--229},
  OPTmonth = 	 {},
  OPTnote = 	 {},
  OPTannote = 	 {}
}

@Article{BBRotaExtCalc,
  author = 	 {M. Barnabei and  A. Brini and G.-C. Rota},
  title = 	 {On the exterior calculus of invariant theory},
  journal = 	 {J. Algebra},
  year = 	 {1985},
  OPTkey = 	 {},
  volume = 	 {96},
  OPTnumber = 	 {},
  pages = 	 {120--160},
  OPTmonth = 	 {},
  OPTnote = 	 {},
  OPTannote = 	 {}
}

@Book{SNSbook,
  author = 	 {R. A. Brualdi and B. L. Shader},
  ALTeditor = 	 {},
  title = 	 {Matrices of Sign-Solvable Linear Systems},
  publisher = 	 {Cambridge Univ. Press},
  year = 	 {1995},
  OPTkey = 	 {},
  OPTvolume = 	 {},
  OPTnumber = 	 {},
  OPTseries = 	 {},
  address = 	 {Cambridge},
  OPTedition = 	 {},
  OPTmonth = 	 {},
  OPTnote = 	 {},
  OPTannote = 	 {}
}





@Article{BryDetId,
  author = 	 {T. Brylawski},
  title = 	 {A determinental identity for resistive networks},
  journal = 	 {SIAM J. Appl. Math.},
  year = 	 {1977},
  OPTkey = 	 {},
  volume = 	 {32},
  OPTnumber = 	 {},
  pages = 	 {1--22},
  OPTmonth = 	 {},
  OPTnote = 	 {},
  OPTannote = 	 {}
}










@Article{TopDualReppaper,
  author = 	 {T. H. Brylawski and G. M. Ziegler},
  title = 	 {Topological representation of dual pairs of oriented matroids},
  journal = 	 {Disc. Comp. Geometry},
  year = 	 {1993},
  OPTkey = 	 {},
  volume = 	 {10},
  OPTnumber = 	 {},
  pages = 	 {237--240},
  OPTmonth = 	 {},
  OPTnote = 	 {},
  OPTannote = 	 {}
}

@Article{BrylawskiPointed,
  author = 	 {T. H. Brylawski},
  title = 	 {A Combinatorial Model for Series-Parallel Networks},
  journal = 	 {Trans. Amer. Math. Soc.},
  year = 	 {1971},
  OPTkey = 	 {},
  volume = 	 {154},
  OPTnumber = 	 {},
  pages = 	 {1--22},
  OPTmonth = 	 {},
  OPTnote = 	 {},
  OPTannote = 	 {}
}

@Book{HodgePedoe1,
  author = 	 {W. V. D. Hodge and D. Pedoe},
  ALTeditor = 	 {},
  title = 	 {Methods of Algebraic Geometry},
  publisher = 	 {Cambridge Univ. Press},
  year = 	 {1947},
  OPTkey = 	 {},
  OPTvolume = 	 {},
  OPTnumber = 	 {},
  OPTseries = 	 {},
  address = 	 {Cambridge},
  edition = 	 {1994},
  OPTmonth = 	 {},
  OPTnote = 	 {},
  OPTannote = 	 {}
}

@Article{SignSolvpaper,
  author = 	 {V. Klee, R. Ladner and R. Manber},
  title = 	 {Sign solvability revisited},
  journal = 	 {Lin. Alg. Appl.},
  year = 	 {1984},
  OPTkey = 	 {},
  volume = 	 {59},
  OPTnumber = 	 {},
  pages = 	 {131--157},
  OPTmonth = 	 {},
  OPTnote = 	 {},
  OPTannote = 	 {}
}

@Article{Maurer76,
  author = 	 {S. B. Maurer},
  title = 	 {Matrix generalizations of some theorems on trees, cycles and
cocycles in graphs},
  journal = 	 {SIAM J. Appl. Math.},
  year = 	 {1976},
  OPTkey = 	 {},
  volume = 	 {30},
  OPTnumber = 	 {},
  pages = 	 {143--148},
  OPTmonth = 	 {},
  OPTnote = 	 {},
  OPTannote = 	 {}
}

@Article{GW1,
  author = 	 {M. M. Green and A. N. Willson, Jr.},
  title = 	 {How to identify unstable DC operating points},
  journal = 	 {IEEE Trans. Circuits Syst. I},
  year = 	 {1992},
  OPTkey = 	 {},
  volume = 	 {39},
  OPTnumber = 	 {},
  pages = 	 {820--832},
  month = 	 {October},
  OPTnote = 	 {},
  OPTannote = 	 {}
}






@Article{GW2,
  author = 	 {M. M. Green and A. N. Willson, Jr.},
  title = 	 {(Almost) half of all operating points are unstable},
  journal = 	 {IEEE Trans. Circuits Syst. I},
  year = 	 {1994},
  OPTkey = 	 {},
  volume = 	 {41},
  OPTnumber = 	 {},
  pages = 	 {286--293},
  month = 	 {April},
  OPTnote = 	 {},
  OPTannote = 	 {}
}

@Article{GWbrief,
  author = 	 {M. M. Green and A. N. Willson, Jr.},
  title = 	 {On the relationship between negative differential resistance and
stability for nonlinear one-ports},
  journal = 	 {IEEE Trans. Circuits Syst. I},
  year = 	 {1996},
  OPTkey = 	 {},
  volume = 	 {43},
  OPTnumber = 	 {},
  pages = 	 {407-410},
  month = 	 {May},
  OPTnote = 	 {},
  OPTannote = 	 {}
}


@Article{tableau-reference,
  author = 	 {G. D. Hachtel and R. K. Brayton and F.\ G. Gustavson},
  title = 	 {The sparse tableau approach to network analysis and design},
  journal = 	 {IEEE Trans. Circuit Theory},
  year = 	 {1971},
  OPTkey = 	 {},
  volume = 	 {CT-18},
  OPTnumber = 	 {},
  pages = 	 {101-113},
  month = 	 {January},
  OPTnote = 	 {},
  OPTannote = 	 {}
}

@Article{So,
  author = 	 {H. C. So},
  title = 	 {On the hybrid description of a linear $n$-port resulting from the
extraction of arbitrarilly specified elements},
  journal = 	 {IEEE Trans. Circuit Theory},
  year = 	 {1965},
  OPTkey = 	 {},
  volume = 	 {CT-12},
  OPTnumber = 	 {},
  pages = 	 {381--387},
  month = 	 {September},
  note = 	 {NB: I didn't look at this
paper yet to see how much of it would apply to the generalization},
  OPTannote = 	 {}
}

@Article{SetPointedLV,
  author = 	 {Las Vergnas, Michel},
  title = 	 {The {T}utte polynomial of a morphism of matroids {I}. Set-pointed matroids and matroid perspectives},
  journal = 	 {Annales de l'Institut Fourier},
  year = 	 {1999},
  OPTkey = 	 {},
  volume = 	 {49},
  number = 	 {3},
  pages = 	 {973--1015},
  OPTmonth = 	 {},
  url = 	 {http://annalif.ujf-grenoble.fr/Vol49/E493_14/E493_14.html},
  OPTannote = 	 {}
}


@article {MR0419272,
    AUTHOR = {Las Vergnas, Michel},
     TITLE = {Extensions normales d'un matro\"\i de, polyn\^ome de {T}utte
              d'un morphisme},
   JOURNAL = {C. R. Acad. Sci. Paris S\'er. A-B},
    VOLUME = {280},
      YEAR = {1975},
    NUMBER = {22},
     PAGES = {Ai, A1479--A1482},
   MRCLASS = {05B35},
  MRNUMBER = {MR0419272 (54 \#7295)},
}

@article {MR497888,
    AUTHOR = {Las Vergnas, Michel},
     TITLE = {Extensions ponctuelles compatibles d'une g\'eom\'etrie
              combinatoire},
   JOURNAL = {C. R. Acad. Sci. Paris S\'er. A-B},
  FJOURNAL = {Comptes Rendus Hebdomadaires des S\'eances de l'Acad\'emie des
              Sciences. S\'eries A et B},
    VOLUME = {286},
      YEAR = {1978},
    NUMBER = {21},
     PAGES = {A981--A984},
      ISSN = {0151-0509},
     CODEN = {CHASAP},
   MRCLASS = {05B25},
  MRNUMBER = {MR497888 (81e:05049)},
}


@article {SetPointedLV1,
    AUTHOR = {Las Vergnas, Michel},
     TITLE = {Sur les extensions principales d'un matro\"\i de},
   JOURNAL = {C. R. Acad. Sci. Paris S\'er. A-B},
    VOLUME = {280},
      YEAR = {1975},
     PAGES = {A187--A190},
   MRCLASS = {05B35},
  MRNUMBER = {MR0369111 (51 \#5347)},
MRREVIEWER = {A. W. Ingleton},
}


@Article{NerodeShank,
  author = 	 {A. Nerode and H. Shank},
  title = 	 {An Algebraic Proof of {K}irchhoff's Network Theorem},
  journal = 	 {Amer. Math. Monthly},
  year = 	 {1961},
  OPTkey = 	 {},
  volume = 	 {68},
  OPTnumber = 	 {},
  pages = 	 {244--247},
  OPTmonth = 	 {},
  OPTnote = 	 {},
  OPTannote = 	 {}
}

@Article{BottDuffinAlgNetworks,
  author = 	 {R. Bott and R. J. Duffin},
  title = 	 {On the Algebra of Networks},
  journal = 	 {Trans. Amer. Math. Soc.},
  year = 	 {1953},
  OPTkey = 	 {},
  volume = 	 {74},
  OPTnumber = 	 {},
  pages = 	 {99--109},
  OPTmonth = 	 {},
  OPTnote = 	 {},
  OPTannote = 	 {}
}

@InBook{BrylawskyOxleyTuttePolyChapter,
  author = 	 {N. White},
  title = 	 {Matroid Applications},
  chapter = 	 {The {T}utte Polynomial and its Applications,
                  by {T}. {B}rylawski and {J}. {O}xley},
  publisher = 	 {Cambridge Univ. Press},
  year = 	 {1992},
  OPTkey = 	 {},
  volume = 	 {40},
  OPTnumber = 	 {},
  series = 	 {Encyc. Math. and its Appl.},
  OPTtype = 	 {},
  address = 	 {Cambridge},
  OPTedition = 	 {},
  OPTmonth = 	 {},
  pages = 	 {123--225},
  OPTnote = 	 {},
  annote = 	 {Cited by Gessel and Sagan}
}

@InBook{BjornerShellingChapter,
  author = 	 {A. Bjorner},
  editor = 	 {N. White},
  title = 	 {Matroid Applications},
  chapter = 	 {The Homology and Shellability of Matroids and Geometric
                  Lattices},
  publisher = 	 {Cambridge Univ. Press},
  year = 	 {1992},
  OPTkey = 	 {},
  volume = 	 {40},
  OPTnumber = 	 {},
  series = 	 {Encyc. Math. and its Appl.},
  OPTtype = 	 {},
  address = 	 {Cambridge},
  OPTedition = 	 {},
  OPTmonth = 	 {},
  pages = 	 {226--283},
  OPTnote = 	 {},
  annote = 	 {Cited by Gessel and Sagan}
}

@Article{OxleyWelshTuttePolyPolyTime,
  author = 	 {J. G. Oxley and D. J. A. Welsh},
  title = 	 {{T}utte Polynomials Computable in Polynomial Time},
  journal = 	 {Discrete Math.},
  year = 	 {1992},
  OPTkey = 	 {},
  volume = 	 {109},
  OPTnumber = 	 {},
  pages = 	 {185--192},
  OPTmonth = 	 {},
  OPTnote = 	 {},
  annote = 	 {Cited by Makowsky}
}

@Article{JaegerVertiganWelsh,
  author = 	 {F. Jaeger and D. L. Vertigan and D. J. A. Welsh},
  title = 	 {On the Computational Complexity of the {J}ones and {T}utte 
                  Polynomials},
  journal = 	 {Math. Proc. Camb. Phil. Soc.},
  year = 	 {1990},
  OPTkey = 	 {},
  volume = 	 {108},
  OPTnumber = 	 {},
  pages = 	 {35--53},
  OPTmonth = 	 {},
  OPTnote = 	 {},
  annote = 	 {cited by Makowsky}
}



@Misc{VertiganBaseCounting,
  OPTkey = 	 {},
  author = 	 {Dirk Vertigan},
  title = 	 {Counting Bases in Matroids},
  howpublished = {Reference in \cite{MR99k:05053} to unpublished ms.},
  OPTmonth = 	 {},
  OPTyear = 	 {},
  OPTnote = 	 {},
  OPTannote = 	 {}
}





@article {MR99k:05053,
    AUTHOR = {Vertigan, Dirk},
     TITLE = {Bicycle dimension and special points of the {T}utte
              polynomial},
   JOURNAL = {J. Combin. Theory Ser. B},
  FJOURNAL = {Journal of Combinatorial Theory. Series B},
    VOLUME = {74},
      YEAR = {1998},
    NUMBER = {2},
     PAGES = {378--396},
      ISSN = {0095-8956},
     CODEN = {JCBTB8},
   MRCLASS = {05B35 (05C85 68Q25)},
  MRNUMBER = {99k:05053},
MRREVIEWER = {Raul Cordovil},
}


@book {MR94m:57027,
    AUTHOR = {Welsh, D. J. A.},
     TITLE = {Complexity: knots, colourings and counting},
    SERIES = {London Math. Soc. Lecture Note Series},
    VOLUME = {186},
 PUBLISHER = {Cambridge Univ. Press},
   ADDRESS = {Cambridge},
      YEAR = {1993},
     PAGES = {viii+163},
      ISBN = {0-521-45740-8},
   MRCLASS = {57M25 (03D15 05C15 82B23)},
  MRNUMBER = {94m:57027},
MRREVIEWER = {Lorenzo Traldi},
}


@incollection {WelshRandomApprox,
    AUTHOR = {Welsh, D. J. A.},
     TITLE = {Randomised approximation schemes for {T}utte-{G}r\"othendieck
              invariants},
 BOOKTITLE = {Discrete probability and algorithms (Minneapolis, MN, 1993)},
    SERIES = {IMA Vol. Math. Appl.},
    VOLUME = {72},
     PAGES = {133--148},
 PUBLISHER = {Springer},
   ADDRESS = {New York},
      YEAR = {1995},
   MRCLASS = {68Q25 (05C15 82B20)},
  MRNUMBER = {MR1380526 (97b:68098)},
MRREVIEWER = {Mark R. Jerrum},
  annote = 	 {Cited by Makowsky in Colored Tutte Poly...}
}

@InCollection{WelshApproxCounting,
  author = 	 {D. J. A. Welsh},
  title = 	 {Approximate Counting},
  booktitle = 	 {Surveys in Combinatorics},
  OPTcrossref =  {},
  OPTkey = 	 {},
  pages = 	 {287--148},
  publisher =    {Cambridge Univ. Press},
  year = 	 {1997},
  editor = 	 {R. A. Bailey},
  volume = 	 {241},
  OPTnumber = 	 {},
  series = 	 {London Math. Soc. Lecture Notes},
  OPTtype = 	 {},
  OPTchapter = 	 {},
  address = 	 {Cambridge},
  OPTedition = 	 {},
  OPTmonth = 	 {},
  OPTnote = 	 {},
  annote = 	 {Cited by Makowsky in Colored Tutte Poly...}
}




@Article{NegamiPolyInvGraphs,
  author = 	 {Seiya Negami},
  title = 	 {Polynomial Invariants of Graphs},
  journal = 	 {Trans. Amer. Math. Soc.},
  year = 	 {1987},
  OPTkey = 	 {},
  volume = 	 {299},
  number = 	 {2},
  pages = 	 {601--622},
  month = 	 {Feb.},
  OPTnote = 	 {},
  OPTannote = 	 {}
}



 @article{andrzejak-polynomialtime,
  author =	 "Artur Andrzejak",
  title =	 "An Algorithm for the 
                  {T}utte polynomials of graphs of bounded treewidth",
  journal =      {Discrete Math.},
  volume =       {190},
  pages =        {39--54},
  year =         {1998},
  url =		 "citeseer.nj.nec.com/andrzejak95polynomialtime.html"
}

@article{ andrzejak97splitting,
  author =	 "Artur Andrzejak",
  title =	 "Splitting formulas for {T}utte polynomials",
  journal =      {Journal of Combinatorial Theory, Series B},
  volume =       {70},
  number =       {2},
  pages =        {346--366},
  year =	 "1997",
  url =		 "citeseer.nj.nec.com/andrzejak95splitting.html"
}





@Article{HowToDraw,
  author = 	 {W. T. Tutte},
  title = 	 {How To Draw a Graph},
  journal = 	 {Proc. London. Math. Soc.},
  year = 	 {1963},
  OPTkey = 	 {},
  volume = 	 {13},
  OPTnumber = 	 {},
  pages = 	 {743--767},
  OPTmonth = 	 {},
  OPTnote = 	 {},
  OPTannote = 	 {}
}

@Article{TutteActivities,
  author = 	 {W. T. Tutte},
  title = 	 {A Contribution to the Theory of Chromatic Polynomials},
  journal = 	 {Canad. J. Math.},
  year = 	 {1953},
  OPTkey = 	 {},
  volume = 	 {6},
  OPTnumber = 	 {},
  pages = 	 {80--91},
  OPTmonth = 	 {},
  OPTnote = 	 {},
  annote = 	 {Tutte defines his poly using activities}
}




@Article{BSST,
  author = 	 {R. L. Brooks and C. A. B. Smith and A. H. Stone and W. T. Tutte},
  title = 	 {The dissection of rectangles into squares},
  journal = 	 {Duke Math. J.},
  year = 	 {1940},
  OPTkey = 	 {},
  volume = 	 {7},
  OPTnumber = 	 {},
  pages = 	 {312--340},
  OPTmonth = 	 {},
  OPTnote = 	 {},
  OPTannote = 	 {}
}

@InBook{TutteBook,
    AUTHOR = {Tutte, W. T.},
     TITLE = {Graph theory as {I} have known it},
    SERIES = {Oxford Lecture Series in Mathematics and its Applications},
   chapter = 	 {1, 4 and 12},
    VOLUME = {11},
      NOTE = {With a foreword by U. S. R. Murty},
 PUBLISHER = {The Clarendon Press Oxford University Press},
   ADDRESS = {New York},
      YEAR = {1998},
     PAGES = {vi+156},
      ISBN = {0-19-850251-6},
   MRCLASS = {05-03 (01A60 01A70)},
  MRNUMBER = {MR1635397 (99i:05001)},
MRREVIEWER = {E. Keith Lloyd},
}




@InBook{MaxR,
  author = 	 {James Clerk Maxwell},
  ALTeditor = 	 {},
  title = 	 {A Treatise on Electricity and Magnetism},
  OPTchapter = 	 {Part {II}, Appendix of Chapter {VI}, Mathematical Theory of the
                  Distribution of Electric Currents},
  publisher = 	 {Claredon Press and reprinted by Dover, New York (1954)},
  year = 	 {1891},
  OPTkey = 	 {},
  volume = 	 {1, Part {II}, Appendix of Chapter {VI}, Mathematical Theory of the
                  Distribution of Electric Currents},
  OPTnumber = 	 {},
  OPTseries = 	 {},
  OPTtype = 	 {},
  OPTaddress = 	 {New York},
  edition = 	 {3rd},
  OPTmonth = 	 {},
  pages = 	 {409--410},
  OPTnote = 	 {},
  OPTannote = 	 {}
}

@InCollection{MaxwellsFramesPaper,
  author = 	 {J. C. Maxwell},
  editor = 	 {W. D. Niven},
  booktitle = 	 {The Scientific Papers of James Clerk Maxwell},
  title = 	 {On the Calculation of the Equilibrium and Stiffness of
                  Frames, page 598},
  publisher = 	 {Dover},
  year = 	 {1965},
  OPTkey = 	 {},
  OPTvolume = 	 {},
  OPTnumber = 	 {},
  OPTseries = 	 {},
  OPTtype = 	 {},
  address = 	 {New York},
  OPTedition = 	 {},
  OPTmonth = 	 {},
  OPTpages = 	 {},
  note = 	 {from the Philosophical Magazine, Vol. XXVII},
  OPTannote = 	 {}
}





@Misc{TraldiColorAct,
  OPTkey = 	 {},
  author = 	 {Lorenzo Traldi},
  title = 	 {A subset expansion of the colored {Tutte} polynomial},
  howpublished = {note},
  month = 	 {February},
  year = 	 {2003},
  url  =         {http://www.??????},
  OPTnote = 	 {},
  OPTannote = 	 {}
}

@Article{BollobasRiordanTuttePolyColored,
  author = 	 {B. Bollobas and O. Riordan},
  title = 	 {A {T}utte Polynomial for Colored Graphs},
  journal = 	 {Combin. Probab. Computat.},
  year = 	 {1999},
  OPTkey = 	 {},
  volume = 	 {8},
  number = 	 {1--2},
  pages = 	 {45--93},
  OPTmonth = 	 {},
  OPTnote = 	 {},
  OPTannote = 	 {}
}

@article {MR93a:05047,
    AUTHOR = {Zaslavsky, Thomas},
     TITLE = {Strong {T}utte functions of matroids and graphs},
   JOURNAL = {Trans. Amer. Math. Soc.},
  FJOURNAL = {Transactions of the American Mathmatical Society},
    VOLUME = {334},
      YEAR = {1992},
    NUMBER = {1},
     PAGES = {317--347},
      ISSN = {0002-9947},
     CODEN = {TAMTAM},
   MRCLASS = {05B35 (05C99 57M25)},
  MRNUMBER = {93a:05047},
MRREVIEWER = {Lorenzo Traldi},
}

@TechReport{Pak,
  author = 	 {Michael Korn and Igor Pak},
  title = 	 {Combinatorial Evaluations of the Tutte Polynomial},
  institution =  {Math. Dept, MIT},
  year = 	 {2003},
  OPTkey = 	 {},
  OPTtype = 	 {},
  OPTnumber = 	 {},
  OPTaddress = 	 {},
  OPTmonth = 	 {},
  OPTnote = 	 {},
  OPTannote = 	 {}
}

