@BOOK{BachemKern,
AUTHOR = "A. Bachem and W. Kern",
TITLE = "Linear Programming Duality, An Introduction to Oriented Matroids",
PUBLISHER = "Springer-Verlag",
YEAR = "1992"}


@Book{OMBOOK,
  author = 	 {A. Bj\"{o}rner and M. Las Vergnas 
                 and B. Sturmfels and N. White and G. Ziegler},
  ALTeditor = 	 {},
  title = 	 {Oriented Matroids},
  publisher = 	 {Cambridge Univ. Press},
  year = 	 {1999},
  OPTkey = 	 {},
  volume = 	 {46},
  OPTnumber = 	 {},
  series = 	 {Encyc. Math. and its Appl.},
  OPTaddress = 	 {},
  edition = 	 {2nd},
  OPTmonth = 	 {},
  OPTnote = 	 {},
  OPTannote = 	 {}
}

@BOOK{HaslerNeirynck,
AUTHOR = "M. Hasler and J. Neirynck",
TITLE = "Nonlinear Circuits",
PUBLISHER = "Artech House",
ADDRESS = "Norwood, Mass.",
YEAR = "1986"}

@BOOK{Fosseprez,
AUTHOR = "M. Foss\'{e}prez",
TITLE = "Non-linear Circuits, Qualitative Analysis of Non-linear, 
Non-reciprocal Circuits",
PUBLISHER = "John Wiley",
YEAR = "1992"}

@INPROCEEDINGS{sdcOMP,
AUTHOR = "S. Chaiken",
TITLE = "Oriented Matroid Pairs, Theory and an Electric Application",
SERIES = "Contemporary Mathematics",
BOOKTITLE = "Matroid Theory, AMS-IMS-SIAM Joint Summer Research Conference",
EDITOR = "J. E. Bonin and  J. G. Oxley and B. Servatius",
VOLUME = 197,
YEAR = 1996,
ORGANIZATION = "American Mathematical Society",
PAGES = "313--331"}





@InProceedings{sdcISCAS98,
  author = 	 {S. Chaiken},
  title = 	 {Hybrid matrix minors from tableau applied to a multiport
                  generalization of {NDR} related to stability},
  booktitle = 	 {IEEE Int. Conf. Circ. Syst.},
  OPTcrossref =  {},
  OPTkey = 	 {},
  OPTpages = 	 {},
  year = 	 {1998},
  OPTeditor = 	 {},
  OPTvolume = 	 {},
  OPTnumber = 	 {},
  OPTseries = 	 {},
  OPTaddress = 	 {},
  OPTmonth = 	 {},
  OPTorganization = {},
  OPTpublisher = {},
  OPTnote = 	 {},
  OPTannote = 	 {}
}



@Article{GreenWillNDR,
  author = 	 {M. M. Green and A. N. {Willson, Jr.}},
  title = 	 {On the relationship between negative differential
                  resistance and stability for nonlinear one-ports},
  journal = 	 {IEEE Trans. Circuits Syst. I},
  year = 	 {1996},
  OPTkey = 	 {},
  volume = 	 {43},
  OPTnumber = 	 {},
  pages = 	 {407--410},
  OPTmonth = 	 {May},
  OPTnote = 	 {},
  OPTannote = 	 {}
}

@BOOK{RigidityBook,
AUTHOR = "J. Graver and B. Servatius and H. Servatius",
TITLE = "Combinatorial Rigidity",
SERIES = "Graduate Studies in Mathematics",
VOLUME = 2,
PUBLISHER = "American Mathematics Society",
YEAR = 1993}

@ARTICLE{SWExistancePf,
AUTHOR = "I. W. Sandberg and A. N. {Willson, Jr.}",
TITLE = "Some theorems on properties of
dc equations of non-linear networks",
JOURNAL = "Bell Syst. Tech. J.",
VOLUME = 48,
PAGES =  "1--34",
YEAR = 1969}

@ARTICLE{W0APPLpaper,
AUTHOR = "A. N. {Willson, Jr.}", 
TITLE = "New theorems on the equations of nonlinear dc
transistor networks", 
JOURNAL = "Bell Syst. Tech. J.",
VOLUME = 49,
PAGES = "1713--1738",
YEAR = 1970}


@Article{HaslerDApplMath,
  author = 	 {M. Hasler and C. Marthy and A. Oberlin and D. de Werra},
  title = 	 {A discrete model for studying existence and uniqueness 
of solutions in nonlinear resistive circuits},
  journal = 	 {Disc. Appl. Math.},
  year = 	 {1994},
  OPTkey = 	 {},
  volume = 	 {50},
  OPTnumber = 	 {},
  pages = 	 {169--184},
  OPTmonth = 	 {},
  OPTnote = 	 {Stuff to see what OPTnote does},
  OPTannote = 	 {stuff to see what OPTannote does}
}

@Article{WyattTele,
  author = 	 {J. L. Wyatt Jr. and G. Papadopoulos},
  title = 	 {{K}irchhoff's laws and {T}ellegen's theorem for 
networks and continuous media},
  journal = 	 {IEEE Trans. Circuits and Syst.},
  year = 	 {1984},
  OPTkey = 	 {},
  volume = 	 {CAS--31},
  number = 	 {7},
  pages = 	 {657--661},
  month = 	 {July},
  OPTnote = 	 {},
  OPTannote = 	 {}
}

@Article{VandewalleChua,
  author = 	 {J. Vandewalle and L. O. Chua},
  title = 	 {The Colored Branch Theorem and its Applications 
in Circuit Theory},
  journal = 	 {IEEE Trans. Circuits Syst.},
  year = 	 {1980},
  OPTkey = 	 {},
  volume = 	 {CAS--27},
  number = 	 {9},
  OPTpages = 	 {816--825},
  OPTmonth = 	 {},
  OPTnote = 	 {},
  OPTannote = 	 {}
}

@Article{sdcPorted,
  author = 	 {S. Chaiken},
  title = 	 {The  {T}utte polynomial of a {$P$}-ported matroid},
  journal = 	 {J. Combin. Theory Ser. B},
  year = 	 {1989},
  OPTkey = 	 {},
  volume = 	 {46},
  OPTnumber = 	 {},
  pages = 	 {96--117},
  OPTmonth = 	 {},
  OPTnote = 	 {},
  OPTannote = 	 {}
}

@Article{TrajWillNDR,
  author = 	 {L. Trajkovi\`{c} and A. N. {Willson, Jr.}},
  title = 	 {Complementary two-transistor circuits and negative 
differential resistance},
  journal = 	 {IEEE Trans. Circ. Syst.},
  year = 	 {1990},
  OPTkey = 	 {},
  volume = 	 {CAS--37},
  OPTnumber = 	 {},
  pages = 	 {1258--1266},
  OPTmonth = 	 {},
  OPTnote = 	 {},
  OPTannote = 	 {}
}

@Article{NishiChuaCactus,
  author = 	 {T. Nishi and L. O. Chua},
  title = 	 {Topological criteria for nonlinear resistive circuits
                  with controlled sources to have a unique solution},
  journal = 	 {IEEE Trans. Circ. Syst.},
  year = 	 {1984},
  OPTkey = 	 {},
  volume = 	 {CAS--31},
  OPTnumber = 	 {},
  pages = 	 {722--741},
  OPTmonth = 	 {},
  OPTnote = 	 {},
  OPTannote = 	 {}
}

@Article{NishiChuaCCCS,
  author = 	 {T. Nishi and L. O. Chua},
  title = 	 {Uniqueness of solution for nonlinear resistive circuits
                  containing {CCCS}'s or {VCVS}'s whose controlling coefficients
                  are finite},
  journal = 	 {IEEE Trans. Circ. Syst.},
  year = 	 {1986},
  OPTkey = 	 {},
  volume = 	 {CAS--33},
  OPTnumber = 	 {4},
  pages = 	 {381--397},
  OPTmonth = 	 {},
  OPTnote = 	 {},
  OPTannote = 	 {}
}

@Article{NishiChuaTransFB,
  author = 	 {T. Nishi and L. O. Chua},
  title = 	 {Topological Proof of the {N}ielsen-{W}illson Theorem},
  journal = 	 {IEEE Trans. Circ. Syst.},
  year = 	 {1986},
  OPTkey = 	 {},
  volume = 	 {CAS--33},
  OPTnumber = 	 {},
  pages = 	 {398--405},
  OPTmonth = 	 {},
  OPTnote = 	 {},
  OPTannote = 	 {}
}

@Article{FiedlerPtak,
  author = 	 {M. Fiedler and V. Ptak},
  title = 	 {Some generalizations of positive definiteness
                  and monotonicity},
  journal = 	 {Numer. Math.},
  year = 	 {1966},
  OPTkey = 	 {},
  volume = 	 {9},
  OPTnumber = 	 {},
  pages = 	 {163--172},
  OPTmonth = 	 {},
  OPTnote = 	 {},
  OPTannote = 	 {}
}


@Article{NielWillpaper,
  author = 	 {R. O. Nielsen and A. N. {Willson, Jr.} },
  title = 	 {A fundamental result concerning the 
                  topology of transistor circuits with
                  multiple operating equilibria},
  journal = 	 {Proc. IEEE},
  year = 	 {1980},
  OPTkey = 	 {},
  volume = 	 {68},
  OPTnumber = 	 {},
  pages = 	 {196--208},
  OPTmonth = 	 {},
  OPTnote = 	 {},
  OPTannote = 	 {}
}

@Book{Welsh,
  author = 	 {D. J. A. Welsh},
  ALTeditor = 	 {},
  title = 	 {Matroid Theory},
  publisher = 	 {Addison-Wesley},
  year = 	 {1976},
  OPTkey = 	 {},
  OPTvolume = 	 {},
  OPTnumber = 	 {},
  OPTseries = 	 {},
  OPTaddress = 	 {},
  OPTedition = 	 {},
  OPTmonth = 	 {},
  OPTnote = 	 {},
  OPTannote = 	 {}
}




@Book{ChensBook,
  author = 	 {W. K. Chen},
  ALTeditor = 	 {},
  title = 	 {Applied Graph Theory, Graphs and Electrical Networks},
  publisher = 	 {North-Holland},
  year = 	 {1976},
  OPTkey = 	 {},
  OPTvolume = 	 {},
  OPTnumber = 	 {},
  OPTseries = 	 {},
  OPTaddress = 	 {},
  edition = 	 {2},
  OPTmonth = 	 {},
  OPTnote = 	 {},
  OPTannote = 	 {}
}

@Book{Recski,
  author = 	 {A. Recski},
  ALTeditor = 	 {},
  title = 	 {Matroid Theory and its Applications in Electric 
                  Network Theory and in Statics},
  publisher = 	 {Springer-Verlag},
  year = 	 {1989},
  OPTkey = 	 {},
  OPTvolume = 	 {},
  OPTnumber = 	 {},
  OPTseries = 	 {},
  OPTaddress = 	 {},
  OPTedition = 	 {},
  OPTmonth = 	 {},
  OPTnote = 	 {},
  OPTannote = 	 {}
}


@Book{Murota,
  author = 	 {K. Murota},
  ALTeditor = 	 {},
  title = 	 {Matrices and matroids for systems analysis},
  publisher = 	 {Springer},
  year = 	 {2000},
  OPTkey = 	 {},
  OPTvolume = 	 {},
  OPTnumber = 	 {},
  OPTseries = 	 {},
  OPTaddress = 	 {},
  OPTedition = 	 {},
  OPTmonth = 	 {},
  OPTnote = 	 {},
  OPTannote = 	 {}
}

@Article{ChuaLamStNOGAIN,
  author = 	 {L. O. Chua and Y. F. Lam and K. A. Stromsmoe},
  title = 	 {Qualitative properties of resistive networks containing
                  multiterminal nonlinear elements: no gain properties},
  journal = 	 {IEEE Trans. Circuits Syst.},
  year = 	 {1977},
  OPTkey = 	 {},
  volume = 	 {CAS--24},
  OPTnumber = 	 {3},
  pages = 	 {93--118},
  OPTmonth = 	 {March},
  OPTnote = 	 {},
  annote = 	 {\cite{TrajWillNDR} use this for no-gain property
                  of transistors to get inequalities on Ebers-Moll
                  parameters.  Passivity is re. power, the no-gain
                  properties here are for voltage/current gain.}
}

@Article{TrajWillTranOprPts,
  author = 	 {L. Trajkovi\`{c} and A. N. {Willson, Jr.}},
  title = 	 {Theory of {DC} operating points of transistor networks},
  journal = 	 {Int. J. Electronics and Comm.},
  year = 	 {1992},
  OPTkey = 	 {},
  volume = 	 {46},
  OPTnumber = 	 {4},
  OPTpages = 	 {},
  OPTmonth = 	 {},
  OPTnote = 	 {},
  OPTannote = 	 {Survey with lots of refs, up to beginning of their
                  homotopy research.  Sent to me by Willson.}
}

@Unpublished{,
  author = 	 {M. M. Green and A. N. {Willson, Jr.}},
  title = 	 {Transistor circuits and potentially stable operating points},
  note = 	 {ms. sent by Willson, 1995, mentioned linear alg. j on
                  Fiedler/Ptak},
  OPTkey = 	 {},
  OPTmonth = 	 {},
  OPTyear = 	 {},
  OPTannote = 	 {}
}

@Article{Chien,
  author = 	 {Ming-Jeh Chien},
  title = 	 {Piecewise-linear theory and computation of 
                  solutions of homeomorphic resistive networks},
  journal = 	 {IEEE Trans. Circuits Syst.},
  year = 	 {1977},
  OPTkey = 	 {},
  volume = 	 {CAS--24},
  OPTnumber = 	 {3},
  pages = 	 {118--127},
  OPTmonth = 	 {March},
  OPTnote = 	 {},
  annote = 	 {Algorithm for solving $\mathcal{W}_0$ pair problems with
                  piecewise linear non-linearities, I think.}
}

@Article{WillsonNoGain,
  author = 	 {A. N. {Willson, Jr.}},
  title = 	 {The no-gain property for networks containing three-terminal
                  elements},
  journal = 	 {IEEE Trans. Circuits Syst.},
  year = 	 {1975},
  OPTkey = 	 {},
  volume = 	 {CAS--22},
  OPTnumber = 	 {8},
  OPTpages = 	 {678--687},
  OPTmonth = 	 {August},
  OPTnote = 	 {},
  annote = 	 {Referred from \cite{TrajWillNDR}. Has cool diagrams of
                  regions.}
}

@Article{HaslerWangMonoDep,
  author = 	 {M. Hasler and C. Wang},
  title = 	 {Monotonic dependence on sources in nonlinear resistive
                  circuits},
  journal = 	 {Int. J. Electronics and Comm.},
  year = 	 {1992},
  OPTkey = 	 {},
  volume = 	 {46},
  OPTnumber = 	 {4},
  pages = 	 {242--249},
  OPTmonth = 	 {},
  OPTnote = 	 {},
  annote = 	 {Has predicatable sign of dependence on source value iff
                  source and element value have the same relative orientation
                  in all common covectors.  Uses idea that any derivatives
                  of currents and voltages satisfy Kirch. laws.
                  Similar to "Monotonicity is nonlinear resistive circuits"
                  by Chauffoureaux and Hasler, 1990 ISCAS.}
}

@InProceedings{ChauffHaslerMonoDep,
  author = 	 {P. Chauffoureaux and M. Hasler},
  title = 	 {Monotonicity is nonlinear resistive circuits},
  booktitle = 	 {IEEE Int. Conf. Circ. Syst.},
  OPTcrossref =  {},
  OPTkey = 	 {},
  pages = 	 {395--398},
  year = 	 {1990},
  OPTeditor = 	 {},
  OPTvolume = 	 {},
  OPTnumber = 	 {},
  OPTseries = 	 {},
  OPTaddress = 	 {},
  OPTmonth = 	 {},
  OPTorganization = {},
  OPTpublisher = {},
  OPTnote = 	 {},
  OPTannote = 	 {}
}

